3434 5159
1479 302 1572 371 15

476 525 605 596 Dei
664 525 876 613 igitur
895 576 913 609 ‚
974 543 1017 596 e
1074 523 1422 594 sententia
1480 529 1666 592 certe
1728 530 2006 613 poetae,
2069 526 2388 596 homines
2451 528 2659 596 vehe-

389 635 663 702 menter
708 629 1038 715 oderunt,
1089 648 1331 698 eorum
1383 629 1662 700 miseria
1709 631 1908 699 cuius
1952 632 2090 721 ipsi
2112 639 2428 701 auctores
2460 639 2623 703 sunt
2644 687 2661 718 ,

290 791 291 794 η
392 736 857 819 delectantur,
921 738 1086 801 sunt
1138 732 1296 801 duri
1342 738 1410 801 et
1458 733 1709 821 dolosi,
1758 737 1948 804 saevi
1992 742 2061 804 et
2105 738 2357 824 invidi,
2407 743 2475 805 et
2520 743 2665 806 tam

389 844 495 916 ira
540 840 853 910 infensus
899 843 1004 906 est
1034 843 1272 926 poeta,
1320 844 1394 907 ut
1444 839 1709 910 nullam
1760 840 1968 910 aliam
2015 842 2306 911 deorum
2351 843 2668 931 proprie-

392 952 606 1018 tatem
668 944 804 1018 nisi
874 944 1190 1014 animum
1259 944 1629 1013 inimicum
1698 952 2214 1015 commemoret.
2315 947 2669 1037 Imprimis

395 1049 784 1122 notandum
844 1052 981 1133 est,
1042 1047 1185 1116 fere
1232 1068 1476 1120 omnes
1525 1049 1675 1120 illos
1712 1046 1943 1136 locos,
1989 1072 2202 1140 supra
2249 1052 2333 1120 de
2379 1052 2669 1121 deorum

393 1155 551 1223 odio
618 1153 856 1222 allatos
873 1204 891 1240 ,
940 1152 1152 1220 verba
1197 1154 1417 1243 ipsius
1463 1159 1708 1242 poetae
1725 1205 1743 1239 ,
1793 1176 1937 1224 non
1994 1156 2286 1226 alicuius
2334 1177 2671 1246 personae

395 1259 725 1330 carminis
743 1312 760 1345 ,
811 1258 1186 1332 continere.

486 1364 580 1432 At
645 1382 1156 1451 nonnunquam
1225 1362 1560 1434 Annaeus
1629 1384 1773 1433 non
1842 1366 2049 1435 modo
2118 1366 2265 1435 deis
2310 1367 2666 1454 irascitur,
2696 1377 2820 1482 {³0¹}ss
2823 1374 3082 1470 ,53032213

395 1469 519 1538 sed
550 1469 761 1536 etiam
787 1486 1030 1537 eorum
1055 1469 1436 1556 potentiam
1462 1470 1538 1537 in
1563 1469 2068 1539 dubitationem
2091 1492 2339 1540 vocare
2362 1472 2636 1541 videtur
2652 1525 2669 1558 ,
2699 1481 2874 1523 dubitet·

394 1578 518 1643 sed
582 1574 711 1644 hac
770 1573 846 1641 in
905 1593 982 1640 re
1043 1572 1325 1661 quidem
1388 1593 1595 1644 causa
1661 1575 1965 1663 cognita,
2026 1596 2189 1645 reus
2249 1578 2589 1645 innocens
2635 1598 2675 1643 e

395 1678 704 1768 periculo
734 1678 999 1746 evadet.
1064 1676 1245 1745 Nam
1281 1677 1693 1768 ubicunque·
1709 1680 1896 1750 illius
1926 1681 2378 1751 dubitationis
2404 1682 2675 1771 aliquo-

402 1784 609 1852 modo
655 1784 830 1851 ratio
877 1781 1076 1850 reddi
1119 1788 1364 1871 potest.

489 1888 742 1958 Milites
791 1887 1104 1957 Caesaris
1152 1889 1342 1955 enim
1388 1888 1695 1957 seditiosi
1736 1893 1804 1958 et
1842 1889 2025 1959 bello
2057 1890 2221 1960 lassi
2253 1891 2353 1960 sic
2385 1891 2636 1961 ducem
2657 1946 2675 1980 ,

405 1996 525 2084 qui
585 2013 860 2082 semper
924 2013 999 2061 se
1062 1992 1344 2061 delicias
1406 2013 1557 2061 esse
1617 1993 1907 2063 deorum
1955 2001 2022 2063 et
2069 1997 2385 2065 fortunae
2432 1998 2674 2083 iactat,

405 2100 856 2187 alloquuntur
874 2120 890 2166 ε

764 2256 780 2271 .
1103 2256 1118 2271 .
1168 2203 1376 2289 „licet
1420 2223 1630 2272 omne
1678 2204 1969 2276 deorum

769 2308 1184 2398 obsequium
1230 2327 1465 2397 speres
1482 2361 1500 2396 ,
1549 2310 1724 2378 irato
1773 2310 2024 2397 milite,
2076 2310 2365 2398 Caesar,

770 2433 908 2503 pax
955 2413 1150 2482 erit.’'
1185 2414 1248 2502 1)

491 2519 641 2588 Hoc
678 2518 829 2590 loco
861 2524 1093 2588 autem
1127 2519 1416 2607 militeS,
1448 2540 1593 2587 non
1624 2520 1950 2592 Lucanus
1983 2522 2195 2591 verba
2226 2521 2416 2606 facit,
2452 2541 2680 2610 neque

403 2644 705 2713 aequum
774 2631 919 2694 erat
988 2644 1152 2694 eum
1204 2626 1285 2693 in
1345 2626 1456 2696 ius
1517 2644 1796 2709 vocare,
1861 2633 2142 2716 propter
2202 2626 2457 2694 milites
2478 2680 2496 2714 ,
2562 2627 2683 2715 qui

409 2735 661 2819 putant
703 2749 794 2799 ne
827 2729 993 2799 deos
1024 2730 1306 2818 quidem
1339 2730 1491 2798 sine
1524 2730 1860 2802 militibus
1892 2750 2092 2819 posse
2123 2730 2388 2800 bellum
2423 2750 2682 2820 gerere.

493 2834 641 2904 Nec
679 2836 1050 2923 quisquam
1068 2888 1086 2921 ‚
1135 2854 1266 2903 nec
1312 2834 1686 2924 Pompeius
1733 2856 1864 2903 nec
1911 2835 2237 2914 Lucanus
2257 2890 2275 2923 ,
2308 2836 2684 2925 impietatis

401 2940 836 3011 accusandus
898 2946 1036 3026 est,
1093 2941 1282 3029 quod
1329 2939 1457 3012 deo
1504 2945 1914 3029 potestatem
1960 2941 2317 3030 praeteriti
2364 2941 2684 3010 mutandi

401 3045 783 3132 abiudicat,
832 3064 1011 3135 quae
1053 3045 1398 3114 sententia
1420 3046 1521 3113 sic
1545 3046 1960 3138 exprimitur
1984 3065 2025 3113 a
2050 3046 2411 3135 Pompeio:
2465 3045 2684 3132 „Sum

402 3156 642 3222 tamen
658 3203 678 3239 ,
707 3149 765 3220 Ο
792 3150 1062 3241 Superi,
1087 3150 1269 3237 felix,
1292 3151 1606 3239 nullique
1630 3154 1933 3238 potestas
1955 3151 2088 3218 hoc
2115 3151 2383 3219 auferre
2409 3150 2603 3218 de0.’'
2623 3150 2681 3239 Β)

411 3378 806 3438 consolantur=
869 3374 1236 3451 „pariterque
1288 3375 1542 3435 iacentes
1580 3374 1851 3448 ignovere
1898 3373 2078 3436 deis.”
2151 3374 2371 3456 >Mirum
2413 3379 2565 3434 esset
2578 3419 2593 3448 ,
2636 3374 2688 3433 si

405 3473 548 3540 haec
587 3488 622 3533 e
658 3471 879 3532 Velleio
912 3470 1215 3532 Paterculo
1259 3469 1375 3543 (112
1403 3472 1501 3543 19)
1542 3485 1660 3532 non
1700 3474 1928 3543 sumpta
1966 3473 2186 3544 essent,
2216 3469 2314 3544 qui
2340 3470 2685 3543 scripserat:

412 3568 592 3646 „Cum
641 3566 864 3636 Marius
914 3565 1201 3641 aspiciens
1254 3564 1667 3639 Karthaginem
1681 3609 1698 3640 ‚
1758 3565 1859 3624 illa
1912 3566 2142 3624 intuens
2193 3563 2441 3624 Marium
2462 3609 2479 3640 ‚
2541 3565 2690 3624 alter

409 3665 577 3726 alteri
614 3668 852 3738 possent
890 3677 1018 3723 esse
1057 3658 1331 3724 solacio.’'

495 3764 552 3832 1)
594 3759 796 3819 PharS.
839 3758 930 3818 V:
957 3762 1094 3817 293.

492 3858 553 3928 2)
593 3854 795 3914 Phars.
838 3853 1015 3913 VIII:
1040 3856 1176 3912 630.
1242 3852 1424 3912 Plane
1464 3851 1731 3910 convenit
1769 3850 1864 3911 hic
1902 3852 2061 3910 locus
2089 3867 2217 3910 cum
2245 3849 2419 3908 Plinii
2445 3849 2688 3910 Maioris

410 3951 632 4011 verbise
688 3947 1104 4024 „Imperfectae
1148 3962 1284 4008 vero
1330 3947 1391 4005 in
1430 3946 1661 4006 homine
1701 3952 1943 4007 naturae
1982 3946 2295 4021 praecipua
2334 3945 2539 4006 solatia
2559 3990 2575 4020 ‚
2617 3960 2693 4004 ne

411 4046 579 4106 deum
621 4045 849 4119 quidem
888 4060 1060 4119 posse
1100 4044 1292 4103 omnia
1329 4074 1409 4088 -
1449 4058 1696 4116 namque
1737 4059 1845 4102 nec
1884 4042 1994 4102 sibi
2039 4045 2234 4115 potest
2271 4046 2514 4101 mortem
2557 4057 2694 4101 con-

410 4143 653 4201 sciscere
675 4183 691 4201 .
713 4185 728 4200 .
754 4185 768 4200 .
792 4182 808 4198 .
851 4156 959 4199 nec
997 4137 1190 4198 facere
1230 4143 1296 4198 ut
1335 4138 1434 4213 qui
1473 4138 1647 4213 vixit,
1688 4155 1809 4198 non
1847 4137 2055 4198 vixerit
2069 4181 2086 4212 ‚
2117 4137 2215 4211 qui
2242 4138 2488 4196 honores
2515 4137 2695 4211 gessit

412 4255 530 4298 non
583 4237 826 4312 gesserit
876 4268 956 4279 -
1005 4235 1336 4307 nullumque
1389 4233 1602 4294 habere
1654 4234 1717 4293 in
1770 4233 2087 4309 praeterita
2125 4234 2215 4293 ius
2230 4277 2246 4306 ‚
2287 4238 2694 4308 praeterquam

414 4332 756 4396 oblivionis”
799 4338 911 4392 etc.
992 4330 1129 4391 Nat.
1171 4330 1323 4393 Hist.
1365 4329 1552 4405 1127,
1598 4334 1693 4390 27.
