3434 5159
1802 331 1892 400 62

702 557 901 644 putat
974 569 1139 644 saga
1198 573 1273 623 se
1336 569 1543 643 posse
1601 551 2046 642 interpellare
2066 605 2085 640 ,
2170 552 2355 642 qu'od
2419 573 2501 623 ea
2558 571 2702 625 una
2764 560 2994 626 morte

704 678 846 727 non
909 659 1137 727 omnis
1197 678 1434 727 rerum
1497 677 1741 727 cursus
1801 659 2375 748 interrumpitur:
2440 659 2562 728 sed
2626 661 2685 728 si
2750 655 2994 731 omnia

703 763 986 832 homine
1055 763 1527 833 intercedente
1551 815 1568 848 ,
1647 762 2002 850 laborent,
2078 768 2229 833 tum
2301 764 2520 833 fatum
2588 766 2993 835 inevitabile

704 888 874 940 esse.
929 869 1030 937 De
1075 869 1213 937 fato
1259 874 1493 938 autem
1540 873 1606 937 et
1654 867 1930 937 fortuna
1974 888 2102 958 pro
2115 869 2381 938 misene
2428 869 2753 939 adhibitis
2771 924 2788 957 ,
2824 891 2992 940 mox

703 974 1144 1044 disseremus,
1205 973 1387 1042 Satis
1418 974 1868 1064 perspicuum
1900 978 2004 1042 est
2018 1026 2035 1059 ,
2072 974 2252 1043 hanc
2298 974 2700 1064 opinionem
2734 993 2988 1066 parum

704 1099 867 1148 cum
898 1078 1333 1168 philosophia
1363 1079 1770 1165 convenire3
1810 1078 1930 1147 illa
1962 1099 2151 1148 mors
2183 1080 2373 1149 enim
2407 1077 2617 1150 unius
2647 1081 2988 1165 hominiS‚

704 1185 800 1252 ita
844 1189 923 1252 ut
968 1183 1102 1253 alia
1147 1185 1411 1271 omnia,
1460 1185 1687 1254 causis
1733 1184 2303 1254 antecedentibus
2352 1185 2812 1255 determinata
2843 1192 2987 1254 est:

703 1288 826 1357 sed
873 1294 1075 1379 poeta
1121 1308 1373 1378 parum
1425 1295 1621 1360 curat
1655 1288 2069 1358 subtilitates
2100 1288 2613 1381 philosophiae,
2648 1283 2823 1360 nihil
2857 1292 2993 1359 scit

703 1394 791 1463 de
854 1395 1126 1480 „causis
1186 1393 1702 1483 principalibus
1764 1399 1834 1462 et
1887 1394 2441 1483 adiuvantibus'',
2489 1395 2614 1464 sed
2659 1395 2994 1465 audacter

702 1500 839 1568 sibi
883 1498 1083 1589 fingit
1127 1518 1279 1567 esse
1324 1497 1464 1567 iata
1509 1500 1920 1583 „maiora”
1970 1503 2039 1568 et
2085 1500 2471 1587 „minora.''
2821 1495 2824 1500 ’

795 1604 932 1674 Sed
993 1605 1203 1673 etiam
1266 1603 1432 1672 alibi
1493 1602 1580 1671 de
1645 1604 1785 1672 fato
1848 1604 2049 1694 quasi
2089 1605 2415 1674 mutabili
2462 1604 2623 1696 agit.
2716 1603 2974 1674 Narrat

704 1710 1115 1800 Pompeium
1134 1762 1152 1796 ,
1201 1729 1365 1779 cum
1409 1710 1484 1778 in
1532 1728 1614 1778 eo
1662 1716 1842 1778 esset
1884 1715 1962 1779 ut
2011 1708 2323 1779 Caesaris
2371 1709 2624 1780 milites
2670 1710 2988 1801 fugaret,

704 1815 934 1885 subito
1002 1809 1162 1884 suas
1233 1815 1464 1903 copias
1530 1833 1923 1901 revocasse,
1984 1812 2170 1904 quod
2216 1834 2494 1884 summa
2541 1815 2985 1885 vehementia

706 1926 908 2010 poeta
968 1920 1185 2006 dolet,
1250 1920 1414 2009 quia
1460 1920 1688 1988 omnis
1737 1920 1959 1988 series
2002 1939 2237 1989 rerum
2287 1926 2552 1990 mutata
2598 1920 2837 1990 fuisset
2859 1972 2878 2007 ,
2922 1922 2992 1990 'si

705 2025 1048 2116 proelium
1109 2025 1601 2094 commisisset:
1664 2024 1829 2093 felix
1890 2044 1973 2095 ac
2035 2025 2254 2094 libera
2319 2026 2543 2094 Roma
2589 2026 2803 2113 foret,
2854 2045 2992 2095 nec

708 2128 877 2200 Cato
922 2131 1056 2199 sibi
1101 2135 1397 2199 mortem
1446 2130 1891 2204 conscivisset
1908 2184 1926 2219 ‚
1973 2130 2131 2199 sed:

871 2235 1203 2324 „ultimus
1249 2253 1400 2304 esse
1446 2234 1594 2303 dies
1637 2236 1864 2324 potuit
1907 2235 2070 2319 tibi,
2118 2235 2379 2319 Roma,
2428 2235 2815 2308 malorum:

871 2342 1098 2409 exire
1153 2359 1192 2408 e
1239 2339 1539 2409 mediis
1584 2340 1812 2430 potuit
1858 2339 2212 2409 Pharsalia
2257 2340 2502 2410 fatis”
2537 2342 2607 2422 1).

797 2446 931 2515 Hic
977 2465 1253 2535 quoque
1298 2445 1538 2534 igitur,
1585 2450 1793 2534 poeta
1837 2444 2232 2514 vehementi
2274 2444 2613 2515 desiderio
2645 2446 2987 2515 libertatis

709 2558 776 2622 et
822 2550 1137 2641 Pompeii
1166 2550 1492 2620 victoriae
1525 2555 1915 2619 commotus
1935 2602 1952 2636 ‚
1985 2550 2425 2640 philosophia
2455 2550 2811 2639 destituta,
2844 2550 2984 2622 sibi

708 2657 907 2747 fingit
966 2655 1436 2725 Pharsalicam
1502 2675 1815 2745 pugnam
1876 2657 2078 2745 quasi
2123 2675 2161 2724 e
2210 2656 2441 2725 media
2486 2658 2666 2726 serie
2711 2645 2992 2741 rerum,

709 2783 752 2831 a
808 2762 947 2830 fato
1009 2761 1414 2847 constituta,
1477 2761 1652 2849 eripi
1714 2761 1860 2829 sive
1921 2761 2136 2829 eximi
2188 2762 2529 2850 potuisse:
2603 2761 2789 2851 quod
2835 2768 2983 2830 tam

708 2868 969 2936 mirum
1015 2865 1306 2951 videtur,
1353 2871 1434 2934 ut
1480 2865 1803 2934 nonnulli
1848 2866 2167 2935 homines
2212 2866 2396 2935 docti
2444 2867 2677 2956 aliqua
2710 2867 2987 2936 coniec-

706 2978 896 3059 tura,
968 2970 1376 3040 vocabalum
1446 2969 1689 3057 „fatis”
1760 2976 2052 3041 sanante
2068 3024 2086 3059 ,
2161 2971 2642 3061 philosophiae
2714 2971 2983 3042 Lucani

709 3096 1113 3147 succurrere
1175 3076 1551 3162 voluerint,
1600 3076 1725 3146 sed
1769 3077 1922 3154 sine
1966 3077 2110 3146 ulla
2154 3078 2566 3147 necessitate
2584 3131 2603 3166 ,
2651 3083 2732 3147 ut
2777 3078 2980 3147 nobis

708 3182 1000 3252 videtur.
1113 3180 1301 3253 Num
1383 3182 1595 3272 igitur
1675 3181 2001 3251 Lucanus
2068 3202 2313 3251 revera
2379 3182 2599 3251 credit
2668 3202 2983 3273 pugnam

708 3287 1211 3375 Pharsalicam,
1297 3289 1525 3358 causis
1595 3308 1680 3356 ex
1747 3288 2157 3357 aeternitate
2228 3289 2455 3358 causis
2531 3288 2724 3357 nexis
2744 3341 2762 3375 ,
2839 3307 2985 3356 non

708 3393 1180 3463 inevitabilem
1240 3392 1452 3463 fuisse
1467 3392 1505 3460 ‘l
1572 3391 1975 3462 Admodum
2021 3392 2423 3463 dubitamus
2439 3446 2456 3480 ‚
2507 3411 2682 3463 num
2727 3392 2801 3462 id
2846 3414 2978 3482 pu-

709 3498 987 3583 taverit,
1034 3496 1192 3583 sed,
1241 3496 1569 3566 Pharsalo
1617 3502 2038 3585 memorata,
2087 3514 2374 3588 semper
2419 3499 2495 3566 in
2544 3498 2718 3567 tales
2763 3498 2991 3567 excla-

711 3604 1052 3672 mationes
1096 3602 1474 3671 rhetoricas
1519 3603 1935 3691 prorumpit.

306 3733 451 3797 mum
478 3732 623 3775 mor-11
645 3737 688 3775 a
800 3706 1014 3777 Poeta
1057 3712 1291 3776 autem
1336 3726 1748 3796 persuasum
1793 3707 2050 3776 hahere
2089 3706 2363 3777 videtur
2390 3708 2750 3776 hominem
2784 3725 2989 3797 posse

304 3789 500 3829 '‘ww''
712 3813 973 3882 morari
1001 3812 1171 3881 tata:
1205 3831 1372 3881 nam
1397 3810 1812 3901 Pompeium
1835 3811 2011 3881 haec
2033 3811 2122 3881 de
2144 3811 2540 3882 Mithridate
2567 3833 2609 3882 a
2630 3833 2708 3881 se
2734 3811 2990 3901 fugato,

714 3917 1179 3988 affirmantem
1223 3916 1528 3987 inducit:

799 4161 858 4228 1)
898 4156 1103 4216 Phars.
1143 4154 1225 4215 VI
1248 4171 1265 4214 :
1287 4157 1545 4214 812—8.
1624 4149 1983 4214 Solu-adorus
2036 4153 2312 4214 coniecit:
2375 4154 2675 4229 „excidere
2716 4172 2750 4216 e
2788 4156 2992 4218 mediis

716 4252 907 4327 potnit
943 4250 1243 4311 Pium-salia
1280 4246 1505 4311 fastis”.

792 4346 885 4407 Ex
924 4344 1215 4407 codicibus
1252 4344 1422 4406 Voss.
1468 4349 1499 4404 1
1542 4344 1752 4405 habet:
1792 4344 1990 4406 exciri.
2073 4344 2236 4404 Voss.
2277 4349 2315 4404 2
2355 4346 2561 4407 excire.
