3434 5159
1541 356 1632 425 99

457 583 699 655 haberi
743 582 1260 668 animadvertit,
1311 581 1564 672 virgini
1608 601 1868 672 poenas
1900 583 2180 653 meritas
2212 584 2519 656 minatur
2536 640 2553 675 ‚
2590 587 2726 656 nisi

462 697 658 759 antra
730 709 927 759 sacra
987 690 1218 757 intret.
1309 689 1517 757 Minis
1562 689 1921 777 perterrita
1969 690 2052 757 ad
2101 691 2369 780 tripoda
2416 693 2723 784 confugit

462 803 531 865 et
589 798 859 867 insueto
916 801 1195 886 pectore
1251 814 1515 864 numen
1563 794 1911 884 concepit,
1962 794 2329 885 Appolline
2376 804 2529 888 post
2573 804 2718 867 tam

461 904 679 973 multa
741 903 1018 972 saecula
1080 902 1216 971 vati
1280 921 1353 969 se
1413 902 1792 990 ingerente.
1898 901 2200 972 Demens
2260 923 2385 992 per
2447 911 2726 975 antrum

462 1010 871 1093 bacchatur,
935 1009 1218 1076 horrore
1279 1007 1573 1095 repleta:
1629 1007 1751 1075 sed
1797 1027 2043 1096 parum
2091 1009 2313 1096 iuvat,
2367 1030 2533 1079 nam
2580 1029 2723 1080 non

463 1116 735 1201 omnia,
799 1135 976 1204 quae
1037 1116 1197 1200 scit,
1263 1113 1552 1204 prodere
1600 1113 1778 1182 licet.
1872 1113 1962 1182 At
2007 1121 2162 1203 post
2206 1135 2487 1185 omnem
2533 1118 2726 1186 illam

464 1222 730 1290 rabiem
777 1241 1147 1290 vaesanam
1166 1274 1181 1305 ‚
1242 1220 1575 1309 gemitum
1624 1225 1966 1289 maestum
2013 1220 2524 1312 ululatumque‚
2586 1222 2729 1313 Ap-

466 1329 622 1418 pius
684 1328 859 1396 nihil
921 1327 1104 1397 aliud
1170 1326 1505 1416 comperit
1563 1327 1699 1394 nisi
1759 1326 1924 1412 hoc,
1989 1328 2173 1416 quod
2219 1329 2478 1399 bellum
2528 1330 2728 1399 civile

464 1435 799 1504 vitaturus
854 1438 922 1502 et
966 1434 1269 1524 quietem
1316 1432 1638 1501 Euboeae
1685 1432 2094 1502 obtenturus
2140 1434 2261 1502 sit!
2298 1433 2377 1524 1).
2470 1435 2721 1505 Nonne

464 1547 666 1630 poeta
694 1541 834 1609 fere
865 1540 1076 1608 iocari
1105 1539 1406 1626 videtur,
1442 1537 1619 1605 mira
1651 1539 2046 1607 narratione
2077 1539 2163 1607 de
2193 1539 2434 1609 fraude
2458 1547 2523 1609 et
2547 1542 2722 1610 dolis

466 1646 749 1736 Pythiae
806 1647 1055 1714 tradita
1076 1700 1093 1733 ‚
1150 1645 1437 1713 omnino
1485 1664 1527 1712 a
1572 1644 1903 1734 gravitate
1951 1650 2017 1713 et
2062 1643 2419 1715 maiestate
2465 1648 2727 1717 oraculi

466 1753 874 1821 abhorrente
893 1753 929 1820 ἱ)
1014 1751 1340 1820 Attamen
1397 1751 1576 1819 bene
1623 1750 2008 1819 notandum
2052 1756 2328 1840 poetam
2349 1807 2366 1839 ‚
2417 1754 2536 1842 qui
2584 1760 2728 1823 tam

467 1880 672 1949 saepe
718 1859 1019 1944 dubitet,
1067 1877 1295 1948 neque
1342 1857 1456 1925 hic
1501 1876 1729 1945 neque
1758 1858 1834 1924 in
1865 1858 2315 1947 sequentibus
2347 1862 2727 1950 potentiam

467 1972 535 2033 et
602 1964 1076 2034 efficacitatem
1148 1964 1408 2033 oraculi
1475 1964 1552 2031 in
1619 1963 1834 2032 ullam
1896 1963 2397 2033 dubitationem
2460 1985 2729 2035 vocare.

472 2072 693 2140 Immo
748 2072 1105 2141 oraculum
1152 2070 1447 2139 summis
1491 2069 1813 2138 laudibus
1860 2069 2120 2139 extollit
2164 2069 2420 2141 talibus
2467 2073 2694 2141 verbis
2713 2127 2730 2160 ‚

475 2179 702 2266 qualia
748 2179 862 2246 vix
908 2198 947 2246 a
994 2178 1276 2246 Lucano
1325 2180 1901 2266 exspectaremus,

564 2286 756 2371 „Hoc
799 2291 1034 2355 tamen
1081 2285 1470 2374 expositum
1522 2285 1789 2353 cunctis
1835 2282 2149 2372 nullique
2195 2290 2522 2375 negatum

565 2412 825 2461 numen
875 2392 962 2460 ab
1007 2390 1297 2461 humani
1344 2390 1568 2459 solum
1616 2410 1691 2458 se
1741 2389 1894 2458 labe
1937 2389 2187 2459 furoris

564 2498 898 2582 vindicat;
945 2497 1131 2567 haud
1176 2497 1317 2565 illic
1363 2497 1572 2564 tacito
1617 2496 1801 2564 mala
1846 2502 2002 2575 vota
2047 2517 2329 2566 susurro

563 2605 979 2693 concipiunt.
1027 2622 1194 2671 nam
1240 2601 1406 2670 fixa
1451 2621 1754 2670 canens
1800 2603 2357 2693 mutandaque
2402 2602 2617 2672 nulli

561 2710 882 2778 mortales
927 2713 1166 2799 optare
1211 2712 1396 2776 vetat
1401 2759 2628 2780 ............

564 2871 578 2884 .
785 2864 801 2880 .
895 2836 1059 2884 non
1104 2815 1276 2884 ullo
1322 2814 1659 2883 saecula
1703 2815 1915 2883 dono

561 2928 841 2991 nostra
873 2926 1159 2990 carent
1190 2920 1496 2989 maiore
1528 2920 1766 2989 deum
1797 2940 2041 3011 quam
2073 2921 2469 3012 Delphica
2497 2921 2737 2990 sedes

561 3029 774 3117 quod
821 3028 1094 3115 siluit,
1144 3031 1511 3116 postquam
1556 3046 1756 3117 reges
1800 3028 2099 3096 timuere
2144 3027 2375 3097 futura

561 3140 629 3202 et
674 3153 959 3224 superos
1003 3138 1284 3203 vetuere
1328 3131 1582 3221 loqui.’'
1611 3130 1673 3221 2)

563 3238 767 3308 Sexto
813 3239 1143 3329 Pompeio
1192 3244 1426 3307 autem
1445 3292 1462 3327 ‚
1531 3237 1671 3306 filio
1716 3241 1911 3327 patre
1955 3238 2280 3328 indigno,
2326 3239 2447 3326 qui
2491 3239 2734 3308 stimu-

477 3346 658 3415 lante
720 3353 909 3415 metu
973 3346 1091 3413 sati
1153 3366 1397 3415 cursus
1459 3363 1910 3435 praenoscere
1972 3345 2195 3434 cupit,
2262 3344 2538 3413 crimini
2581 3345 2732 3431 dat,

477 3453 659 3541 quod
705 3452 1091 3541 tripodibus
1137 3451 1289 3518 Deli
1334 3456 1402 3519 et
1449 3450 1664 3519 antris
1710 3449 2012 3538 Pythicis
2053 3451 2471 3541 oraculoquo
2510 3449 2735 3519 Dodo-

475 3578 606 3628 nae
669 3559 918 3648 spretis
935 3611 953 3643 ‚
1018 3562 1087 3625 et
1141 3557 1330 3626 coelo
1377 3555 1714 3625 servando
1760 3554 2240 3645 sideribusque
2286 3555 2736 3648 inspiciendis

477 3665 861 3749 abstinenS,
1489 3695 1493 3699 ·

831 3775 993 3854 „aut
1038 3770 1097 3838 si
1147 3769 1313 3858 quid
1358 3769 1646 3839 tacitum
1691 3768 1817 3838 sed
1860 3768 1963 3837 fas
2010 3773 2157 3838 erat
2175 3769 2229 3855 ‚'’
2260 3768 2319 3858 3)

479 3877 755 3945 mavelit
828 3896 1079 3945 arcana
1147 3876 1553 3944 detestanda
1611 3895 1974 3966 magarum
2039 3875 2431 3944 consulere:
2503 3879 2737 3963 aperte

476 3983 685 4072 igitur
750 3982 1082 4052 divinatio
1143 3982 1448 4072 legitima
1508 3987 1578 4050 et
1637 3981 1983 4051 laudanda
2042 3981 2414 4071 opponitur
2458 3979 2626 4048 dir1s
2672 3985 2737 4047 et

560 4326 620 4401 1)
662 4326 734 4384 cf.
773 4325 971 4384 Phars.
1015 4324 1104 4384 V:
1130 4326 1459 4383 120-224,
1702 4321 1766 4398 2)
1805 4321 2006 4382 Phars.
2049 4323 2136 4380 Vt
2165 4327 2274 4383 102
2297 4338 2398 4396 sq,
2444 4328 2552 4387 111
2575 4340 2660 4398 sq.

559 4422 621 4498 3)
661 4422 860 4481 PharS.
907 4421 1184 4490 V12430.

2475 4531 2541 4589 7*
