3434 5159
1227 987 1642 1057 CAPUT
1720 987 1831 1055 IV.

781 1176 928 1261 Quid
972 1176 1242 1241 Lucanus
1284 1175 1360 1240 de
1403 1174 1807 1255 Divinatione,
1850 1174 1925 1240 de
1966 1173 2290 1255 Prodigiis,

1179 1270 1255 1337 de
1297 1270 1568 1337 oraculis
1610 1269 1894 1337 senserit.

712 1453 864 1511 Num
918 1451 1188 1510 Lucanus
1244 1450 1316 1509 de
1363 1451 1715 1511 divinatione
1756 1450 2017 1509 Stoisset.
2062 1482 2137 1492 —
2179 1448 2480 1508 Sententia
2521 1447 2675 1508 Stoi-

792 1564 986 1606 corum
1027 1547 1099 1605 de
1137 1547 1508 1606 divinatione.
1551 1579 1630 1589 —
1669 1545 1937 1604 Lucanus
1975 1561 2071 1603 res
2111 1542 2335 1603 futuras
2376 1544 2675 1616 praenosci

792 1659 961 1716 posse
1001 1646 1187 1716 putat.
1235 1674 1307 1685 -—
1351 1642 1463 1713 Qui
1504 1641 1769 1715 prodigia
1794 1641 2044 1699 mittant.
2088 1672 2163 1682 —
2203 1639 2495 1697 Divinatio
2523 1638 2676 1712 apud

794 1737 1107 1797 Lucanum.
1153 1771 1226 1779 —
1269 1737 1538 1796 Lucanus
1588 1736 1817 1810 saepius
1858 1734 2092 1795 oracula
2133 1739 2554 1794 commemorat.
2601 1767 2674 1776 -

794 1833 1098 1891 Oraculum
1156 1831 1316 1891 Iovis
1371 1831 1685 1890 AmmoniS.
1731 1865 1803 1874 —
1849 1830 1975 1901 Quo
2014 1828 2184 1888 modo
2223 1829 2401 1888 verba
2442 1828 2676 1889 Catonis

797 1928 1146 2002 accipienda.
1202 1961 1280 1970 —
1336 1928 1424 1986 De
1479 1928 1711 1986 somniis
1753 1927 1816 1985 in
1855 1926 2171 1984 Pharsalia.
2215 1959 2291 1967 —
2319 1925 2677 1999 Necyoman-

795 2025 876 2083 tia
930 2026 990 2082 in
1044 2023 1360 2082 Pharsalia.
1411 2055 1486 2065 —-
1545 2021 1695 2094 Quid
1750 2021 2018 2081 Lucanus
2060 2022 2132 2078 de
2173 2019 2526 2080 divinatione
2566 2026 2676 2078 ete.

796 2119 1057 2177 senserit.

496 2296 576 2363 In
624 2295 967 2384 capitibus
1015 2294 1589 2363 antecedentibus
1635 2294 2113 2361 demonstrare
2145 2295 2374 2361 conati
2405 2315 2675 2381 sumus,
2707 2327 2824 2388 Num·
2843 2325 3032 2387 tue-fua·

398 2408 711 2490 poetam,
774 2400 960 2488 quod
1007 2400 1093 2467 ad
1141 2399 1321 2467 Deos
1365 2400 1725 2487 fatumque
1771 2400 2104 2487 pertinet,
2153 2399 2508 2467 Stoissare.
2604 2399 2677 2466 Si
2707 2378 3031 2472 ssssossissit'f‘m‘

401 2511 631 2574 autem
683 2505 1114 2593 apparuerit,
1179 2504 1543 2573 Lucanum
1609 2523 1962 2573 summam
2012 2502 2221 2571 fidem
2268 2503 2677 2572 divinationi

399 2610 698 2679 oraculis
775 2608 1266 2698 ominibusque
1343 2608 1742 2676 adhibuisse
1769 2660 1785 2692 ,
1879 2608 2239 2697 Epicureis
2260 2662 2276 2694 ‚
2355 2609 2677 2696 scepticis

401 2716 691 2802 aliisque
729 2713 982 2781 scholis
1019 2713 1587 2801 philosophorum
1620 2713 1983 2781 scientiam
2017 2712 2408 2781 futurarum
2439 2733 2677 2781 rerum

402 2817 820 2907 negantibus
867 2823 935 2885 et
983 2818 1494 2900 deridentibuS‚
1544 2818 1932 2886 maximum
1981 2825 2471 2906 argumentum
2513 2819 2675 2897 erit,

402 2924 732 2992 Nostrum
781 2924 991 2990 etiam
1042 2923 1172 2989 hac
1217 2922 1292 2989 in
1339 2942 1450 3009 re,
1497 2924 1571 2989 in
1620 2924 1916 2991 summis
1963 2927 2181 3007 certe,
2232 2928 2454 2990 castra
2501 2923 2679 2991 Stoi-

403 3049 643 3098 corum
688 3029 1034 3117 petivisse.

492 3132 763 3222 Quippe
812 3153 974 3202 cum
1021 3131 1412 3200 Stoicorum
1460 3131 1776 3199 doctrina
1822 3133 1908 3200 de
1954 3132 2092 3200 fato
2139 3133 2523 3200 arctissime
2563 3153 2675 3200 co·
2706 3163 3033 3204 Sententiam-

401 3239 639 3306 haeret
679 3237 1031 3306 divinatio,
1074 3237 1190 3305 Sic
1227 3237 1415 3304 enim
1451 3237 2146 3326 argumentabantur‚
2181 3242 2354 3304 teste
2387 3235 2673 3321 Quint0,
2702 3217 2917 3312 ffiiffiss‘
2936 3217 3031 3257 ‘M'

405 3342 759 3412 Ciceronis
832 3342 1080 3425 fratre,
1168 3342 1291 3430 qui
1359 3341 1750 3409 doctrinam
1820 3339 2125 3409 Stoicam
2194 3341 2533 3409 defendit:
2605 3343 2677 3409 Si

403 3448 667 3533 omnia,
717 3466 897 3535 quae
942 3444 1144 3528 fiant,
1193 3445 1332 3513 fato
1363 3445 1875 3535 praedestinata
1908 3451 2073 3515 sunt
2092 3499 2108 3530 ‚
2141 3467 2273 3514 nec
2304 3447 2678 3535 quicquam

403 3553 661 3620 factum
709 3556 846 3636 est,
897 3549 1082 3637 quod
1128 3570 1272 3618 non
1319 3550 1632 3619 futurum
1666 3550 1906 3634 fuerit,
1948 3552 2261 3638 sequitur
2290 3556 2368 3619 ut
2401 3552 2679 3636 „obser-

407 3657 680 3725 vatione
726 3656 954 3724 notari
998 3657 1248 3744 possit,
1300 3675 1479 3744 quae
1524 3675 1637 3723 res
1676 3675 2028 3744 quamque
2061 3676 2342 3726 causam
2373 3657 2681 3745 plerum-

404 3782 540 3851 que
587 3750 1118 3860 consequatur.’'
1154 3759 1210 3850 l)
1305 3758 1393 3828 Et
1438 3759 1606 3828 alibi
1652 3759 1827 3827 dixit
1873 3759 1989 3829 ille
2038 3760 2373 3841 Quintus:
2425 3761 2562 3846 „Ut
2606 3762 2679 3828 in

490 3990 545 4059 1)
588 3985 708 4043 Cic.
747 3985 820 4044 de
860 3984 1052 4043 Divin.
1096 3985 1124 4042 Ι
1149 4010 1163 4042 2
1188 3988 1263 4042 55
1288 4002 1305 4042 z
1335 3988 1467 4043 126.

484 4081 574 4139 De
611 4078 874 4140 doctrina
914 4079 1267 4151 Stoicorum,
1311 4078 1463 4151 quod
1504 4078 1578 4138 ad
1617 4077 2044 4138 Divinationem
2076 4077 2354 4152 pertinet,
2392 4077 2684 4149 sequimur

404 4175 510 4235 hos
548 4181 844 4236 auctorest

488 4269 552 4329 Ο.
605 4269 1120 4331 Wachsmuth:
1174 4269 1286 4329 Die
1337 4269 1653 4329 Ansichten
1695 4269 1800 4329 der
1839 4267 2073 4328 Stoiker
2110 4267 2254 4326 uber
2292 4265 2522 4325 Mantik
2563 4266 2682 4326 und

405 4365 759 4425 Daemonen.
820 4364 975 4425 Berl.
1022 4370 1196 4424 1860.
