3434 5159
1821 286 1914 358 48

718 514 902 578 tores
974 507 1278 578 Graecos
1348 512 1417 578 et
1484 509 1769 577 Latinos
1789 562 1808 593 ,
1878 508 2042 577 inde
2105 510 2212 579 ab.
2255 509 2597 601 Aeschylo
2641 535 2865 604 usque
2913 516 2999 583 ad

718 614 1120 701 Lucanum3
1169 615 1337 683 satis
1385 620 1654 683 constat
1699 620 1768 682 et
1817 614 2235 703 Aeschylum
2270 622 2337 685 et
2370 617 2783 706 Sophoclem
2815 642 3003 689 sum-

719 739 909 789 mam
956 721 1099 788 vim
1144 720 1285 788 fato
1333 718 1763 788 attribuisse:
1813 721 1968 808 quis
2017 740 2161 788 non
2207 722 2441 790 statim
2487 724 2815 793 miseram
2862 747 2998 794 sor·

716 830 856 892 tem
909 824 1304 913 Oidipodis‚
1377 823 1571 894 nulla
1628 824 1834 913 culpa
1879 824 2002 892 sed
2047 825 2325 916 decreto
2370 827 2492 895 fati
2537 831 3000 918 pessumdati,

714 930 789 997 in
857 934 1165 998 mentem
1228 930 1559 997 revocat‘?
1651 928 1788 997 Sed
1843 929 2090 998 saltem
2138 929 2400 1020 aliquot
2446 952 2687 1003 versus
2732 935 3002 1005 Lucani

715 1034 1148 1124 aequalium,
1198 1033 1286 1102 ad
1328 1034 1479 1102 eius
1511 1034 1732 1122 ipsius
1764 1036 2186 1104 sententiam
2219 1036 2306 1104 de
2338 1037 2459 1104 fati
2493 1040 3003 1128 omnipotentia

715 1138 1232 1222 illustrandam,
1284 1137 1529 1207 afferre
1577 1138 1803 1209 liceat.

806 1244 888 1312 In
951 1242 1345 1334 traegoedia
1365 1298 1382 1332 ,
1457 1264 1636 1332 quae
1694 1244 1903 1334 vulgo
1969 1245 2276 1316 Senecae
2322 1247 2741 1338 Philosopho
2790 1252 3002 1319 ascri-

718 1349 938 1434 bitur,
989 1349 1241 1417 chorus
1287 1349 1460 1417 haec
1508 1369 1768 1418 canens
1814 1351 1888 1417 in
1935 1370 2264 1420 scaenam
2308 1352 2573 1440 prodit:

1208 1487 1443 1572 „Fatis
1491 1488 1798 1576 agimur:
1849 1487 2074 1557 cedite
2119 1489 2278 1558 fatis

1211 1612 1354 1660 non
1402 1592 1739 1661 sollicitae
1785 1601 2074 1682 possunt
2122 1614 2330 1664 curae

1207 1703 1476 1766 mutare
1521 1698 1657 1765 rati
1701 1700 2007 1767 stamina
2051 1699 2205 1769 fusi.

1210 1851 1563 1941 Quidquid
1609 1854 1917 1942 patimur
1963 1855 2255 1923 mortale
2300 1876 2520 1946 genus

1214 1958 1552 2047 quidquid
1598 1958 1924 2046 facimuS‚
1977 1961 2167 2028 venit
2215 1981 2300 2028 ex
2348 1961 2519 2048 alm,

1209 2068 1575 2152 servatque
1620 2083 1790 2133 suae
1836 2063 2112 2133 decreta
2159 2065 2350 2135 colus

1205 2166 1530 2237 Lachesis
1550 2223 1567 2254 ‚
1616 2169 1792 2238 dura
1838 2169 2150 2238 revoluta
2195 2190 2433 2240 manu.

1211 2322 1468 2392 Omnia
1511 2331 1700 2393 recto
1746 2326 2026 2394 tramite
2072 2326 2335 2396 vadunt

1206 2429 1614 2518 primusque
1660 2429 1809 2498 dies
1855 2430 2045 2500 dedit
2089 2437 2502 2502 extremum.

1206 2554 1350 2603 non
1395 2533 1515 2603 illa
1559 2535 1689 2604 deo
1734 2535 2022 2606 vertisse
2067 2536 2228 2612 licet

1200 2658 1379 2728 quae
1424 2653 1605 2708 nexa
1650 2641 1797 2710 suis
1843 2648 2135 2712 currunt
2182 2644 2429 2712 causis,

1211 2792 1272 2860 It
1318 2793 1569 2880 cuique
1614 2798 1809 2863 ratus
1854 2814 2061 2884 prece
2107 2815 2252 2863 non
2296 2796 2437 2865 ulla

1205 2896 1477 2965 mobilis
1524 2898 1713 2967 ordo,

1210 3001 1448 3070 multis
1494 3004 1728 3093 ipsum
1776 2999 2108 3074 metuisse
2154 3012 2362 3076 nocet

1206 3105 1410 3175 multi
1457 3107 1543 3175 ad
1590 3108 1811 3178 fatum
1858 3129 2110 3179 venere
2154 3132 2395 3200 suum,

1201 3210 1372 3280 dum
1418 3211 1557 3280 fato
1603 3214 1922 3283 timent.”
1953 3213 2011 3305 1)

802 3365 1130 3435 Manilius
1177 3371 1413 3436 autem
1432 3419 1450 3454 ,
1498 3373 1703 3456 poeta
1751 3365 2023 3436 Stoicus
2039 3420 2058 3455 ,
2107 3369 2209 3438 sic
2254 3368 2474 3438 fatum
2520 3369 2792 3439 laudat:

878 3464 1094 3557 „Fata
1136 3476 1392 3562 regunt
1437 3472 1719 3559 orbem,
1769 3478 1958 3543 certa
2003 3478 2188 3542 stant
2235 3475 2472 3544 omnia
2516 3475 2702 3566 lege,

884 3574 1230 3664 longaque
1277 3597 1402 3665 per
1446 3581 1669 3647 certos
1714 3578 2080 3668 signantur
2125 3584 2443 3668 tempora
2489 3601 2753 3650 cursus,
2793 3655 2797 3659 Α

883 3678 1262 3749 Nascentes
1308 3683 1649 3751 morimur
1665 3736 1682 3770 ‚
1734 3680 2034 3771 finisque
2082 3683 2169 3752 ab
2217 3684 2484 3773 origine
2529 3686 2807 3774 pendet.

880 3785 1047 3854 hinc
1093 3790 1162 3854 et
1207 3805 1374 3876 opes
1419 3795 1489 3856 et
1533 3808 1751 3878 regna
1796 3788 2058 3874 fluunt,
2109 3794 2178 3858 et
2222 3791 2500 3880 saepius
2542 3797 2693 3859 orta

881 3897 1254 3981 paupertas
1273 3946 1291 3979 ,
1343 3899 1663 3982 artesque
1710 3893 1945 3980 datae,
1994 3914 2363 3984 moresque
2411 3898 2658 3964 creatis

876 4002 945 4064 et
989 3998 1187 4085 vitia,
1237 4004 1306 4066 et
1353 3999 1616 4087 cladeS‚
1667 3999 1926 4068 damna
1973 4005 2040 4068 et
2088 4002 2504 4089 compendia
2554 4022 2824 4072 rerum.

1215 4156 1230 4171 .
1324 4102 1485 4173 Sors
1533 4111 1637 4173 est
1682 4124 1809 4174 sua
1858 4106 2109 4195 cuique
2156 4106 2459 4176 ferenda.

780 4329 840 4403 1)
882 4327 969 4387 Cf.
1013 4328 1249 4390 Seneca.
1293 4331 1480 4407 Oidip.
1532 4338 1682 4393 1000
1725 4351 1812 4407 sq.
