3434 5159
1577 284 1669 354 39

745 514 862 574 Ζεῦ
909 508 1097 588 πάτερ
1147 557 1163 573 .
1216 557 1230 573 .
1286 557 1301 571 .

742 616 843 679 οὐκ
889 614 1165 694 ἐλεαίρεις
1213 611 1423 691 ἄνδρας
1443 663 1460 685 ,
1512 614 1653 687 §nav
1698 611 1767 687 δὴ
1812 612 2032 689 γείνεαι
2081 612 2257 684 αὐτὸς

743 718 1098 796 μισγέμεναι
1142 717 1421 792 κακότητι
1470 717 1570 782 καὶ
1617 718 1838 795 ἄλγεσι
1885 718 2343 794 λευγαλέοισιν.”
2379 716 2435 804 1)

566 824 715 892 13111
779 824 964 913 apud
1025 823 1413 893 Homerum
1474 823 1686 913 igitur
1745 823 1919 892 haec
1980 823 2171 894 notio
2220 821 2646 892 Graecorum
2692 827 2763 892 et

476 927 957 1000 Romanorum
1020 930 1096 997 in
1159 928 1473 999 medium
1536 927 1880 1018 profertur
1951 927 2122 997 deos
2188 927 2527 996 timendos
2575 947 2726 996 esse
2740 979 2757 1013 ,

477 1033 666 1122 quod
712 1033 1031 1103 homines
1075 1033 1351 1103 laedere
1396 1038 1709 1123 possunt.

569 1137 797 1206 Etiam
843 1138 1127 1208 Lucano
1175 1139 1321 1208 deis
1367 1160 1409 1207 e
1447 1136 1885 1229 philosophia
1912 1138 2300 1208 informatis
2317 1190 2334 1224 ,
2369 1138 2541 1207 haec
2570 1138 2762 1206 notio

479 1243 715 1310 31111110
786 1243 1138 1313 obversari
1207 1244 1498 1314 videtur.
1595 1243 1776 1328 Cum
1820 1243 2093 1333 placido
2140 1249 2208 1312 et
2256 1261 2479 1331 aequo
2527 1244 2762 1310 animo

475 1366 587 1416 res
634 1352 858 1437 gestas
905 1369 1144 1421 secum
1191 1355 1501 1440 reputat,
1550 1369 1828 1438 semper
1876 1347 2189 1420 Stoicum
2239 1350 2409 1438 agit:
2443 1347 2566 1416 sed
2601 1367 2761 1416 cum

479 1451 667 1522 subit
709 1453 924 1523 tristis
971 1456 1199 1545 imago
1234 1456 1560 1545 antiquae
1589 1454 1928 1524 libertatis
1962 1454 2290 1540 amissae,
2326 1459 2396 1522 et
2426 1452 2764 1521 memoria

395 1629 401 1634 ,
478 1559 793 1627 omnium
854 1558 1360 1648 calamitatum,
1430 1561 1684 1650 quibus
1731 1565 1886 1650 post
1932 1558 2404 1628 Pharsalicam
2451 1562 2761 1647 pugnam

474 1662 778 1732 Romani
850 1663 1077 1734 affecti
1148 1671 1346 1752 sunt,
1420 1670 1574 1735 tum
1633 1666 1740 1734 ira
1803 1664 2054 1734 acerba
2115 1683 2397 1732 omnem
2460 1662 2763 1752 philoso-

474 1766 714 1856 phiam
774 1775 1056 1859 superat
1119 1775 1325 1859 atque
1385 1770 1609 1860 fugat,
1674 1789 1904 1859 neque
1951 1774 2155 1858 poeta
2200 1788 2274 1837 se
2322 1786 2763 1858 compescere

476 1879 734 1962 potest,
784 1875 957 1963 quin
1002 1877 1080 1944 in
1125 1876 1291 1945 deos
1340 1876 1617 1966 culpam
1665 1876 1974 1945 conferat
2018 1874 2207 1946 illius
2252 1874 2500 1943 cladis:
2550 1873 2761 1942 etiam

475 1977 550 2044 in
598 1997 681 2046 eo
727 1979 908 2049 valet
952 1980 1159 2051 illud:
1210 1987 1581 2069 „naturam
1627 1982 1824 2050 furca
1870 1980 2206 2070 expellas,
2257 1985 2495 2049 tamen
2540 1998 2763 2066 usque

472 2085 851 2152 recurret.'’
950 2085 1096 2155 Hac
1159 2087 1231 2155 in
1296 2107 1373 2155 re
1418 2087 1628 2176 igitur
1673 2086 2021 2176 imprimis
2066 2086 2243 2154 ratio
2291 2089 2395 2153 est
2439 2082 2763 2152 habenda

472 2187 728 2257 indolis
773 2196 1017 2278 poetae
1039 2245 1056 2279 ,
1104 2191 1406 2261 fervidae
1453 2196 1523 2260 et
1565 2191 2033 2277 vehementiS‚
2068 2191 2191 2279 qui
2225 2190 2310 2258 ab
2342 2190 2759 2279 imperatore

475 2291 701 2361 laesus
717 2346 735 2376 ‚
816 2295 1289 2386 principatum
1365 2301 1763 2366 exsecretur
1830 2302 2036 2383 atque
2096 2314 2630 2383 nonnumquam
2683 2293 2760 2361 in

474 2396 674 2485 deos,
725 2405 803 2468 ut
849 2421 1132 2471 causam
1179 2403 1500 2471 miseriae
1520 2454 1539 2488 ,
1586 2401 1976 2471 invehatur.

566 2501 911 2575 Omnibus
956 2507 1165 2596 igitur
1208 2508 1587 2596 perspectis
1605 2560 1623 2593 ,
1670 2505 1998 2575 Lucanus
2045 2504 2247 2574 nobis
2286 2504 2576 2591 videtur,
2610 2503 2757 2572 deis
2781 2506 3013 2601 3223?
3022 2516 3167 2615 933⁶

476 2607 877 2697 vulgaribus
923 2612 1068 2679 sive
1115 2610 1494 2702 Olympicis
1540 2612 1815 2680 reiectis
1834 2665 1852 2699 ‚
1900 2611 2196 2681 numina
2213 2663 2231 2696 ‚
2280 2608 2513 2698 qualia
2544 2608 2758 2677 Stoici
2783 2613 2849 2655 ⁸⁵²·
3171 2643 3179 2654 ·

475 2711 608 2779 sibi
653 2713 1153 2803 informabant,
1203 2718 1278 2786 in
1326 2718 1561 2787 animo
1601 2716 1929 2786 habuisse
1950 2770 1968 2804 ‚
2000 2735 2144 2784 non
2175 2721 2411 2783 tamen
2443 2713 2759 2782 doctrina

474 2816 704 2886 Stoica
764 2825 907 2888 tam
969 2821 1281 2892 imbutus
1341 2822 1553 2892 fuisse
1570 2874 1588 2909 ‚
1654 2823 1827 2910 quin
1872 2822 2149 2910 saepius
2166 2873 2183 2907 ,
2235 2825 2300 2888 et
2348 2819 2757 2888 necessitate

473 2922 776 3010 quadam
824 2927 1127 3014 poetica,
1177 2934 1246 2996 et
1290 2948 1416 2998 suo
1464 2926 1698 2998 dolore
1744 2927 1830 2995 de
1861 2926 2080 2996 libera
2109 2924 2467 3014 republica
2502 2924 2759 2993 amissa

473 3034 895 3116 commotuS,
944 3031 1110 3101 deos
1157 3034 1380 3123 magis
1425 3031 1822 3122 personales
1869 3050 2127 3120 eosque
2158 3048 2398 3099 saevos
2430 3034 2498 3097 et
2527 3029 2753 3097 homi-

474 3131 682 3202 nibus
742 3134 1246 3206 infensissimos
1309 3137 1623 3228 fingeret.
1720 3135 1908 3218 Quos
1971 3135 2136 3203 deos
2181 3140 2417 3203 tamen
2437 3186 2454 3220 ,
2505 3153 2751 3222 quam-

474 3256 685 3325 quam
732 3259 988 3330 magna
1033 3243 1342 3330 potentia
1372 3242 1749 3332 praeditoS,
1786 3240 2110 3310 Lucanus
2142 3258 2288 3308 11011
2318 3239 2506 3328 ipsos
2535 3239 2750 3306 inter-

474 3342 863 3432 venienteS,
912 3366 1056 3414 11011
1100 3353 1180 3415 ut
1227 3367 1509 3417 causam
1556 3345 1796 3415 omnia
1840 3348 2238 3413 moventem
2284 3342 2615 3433 depingit.

559 3444 719 3515 Alio
767 3450 990 3538 capite
1038 3450 1173 3520 alia
1205 3453 1492 3542 vestigia
1521 3451 1999 3541 philosophiae
2031 3449 2328 3519 Zenonis
2359 3445 2751 3538 significare

472 3551 549 3619 in
596 3552 830 3622 animo
877 3561 1011 3623 est:
1067 3557 1238 3625 haec
1282 3557 1618 3626 hactenus
1665 3556 1751 3624 de
1799 3555 1979 3624 deisl

563 3655 799 3726 Liceat
857 3666 1093 3729 autem
1155 3661 1288 3729 hoc
1347 3661 1497 3729 loco
1555 3680 1780 3750 pauca
1841 3660 1928 3728 de
1979 3658 2230 3750 fabulis
2274 3659 2351 3727 111
2395 3654 2753 3725 Pharsalia
2775 3673 3139 3770 33203318131133

471 3760 752 3831 insertis
812 3764 1166 3834 disserere.
1250 3765 1540 3855 Saepius
1600 3770 1806 3855 poeta
1861 3764 2168 3854 aliquam
2213 3763 2522 3832 fabulam
2570 3762 2746 3830 anti·
2774 3782 2899 3823 nunt.

475 3884 686 3953 quam
745 3869 822 3936 in
884 3870 1354 3939 narrationem
1401 3870 1648 3939 intexit
1694 3870 1783 3939 ad
1829 3869 2160 3937 lectorem
2224 3866 2709 3937 delectandum
2726 3918 2745 3952 ,

474 3970 596 4039 sed
640 3972 849 4044 simul
895 3993 1059 4045 eum
1105 3994 1549 4045 commonere
1588 3974 1870 4045 videtur
1915 3995 2005 4042 ne
2044 3973 2311 4060 credat,
2344 3991 2511 4040 nam
2543 3969 2749 4040 modo

557 4298 616 4370 1)
658 4293 861 4372 odyss.
904 4298 1277 4359 20:195—9
1320 4299 1381 4356 et
1420 4298 1673 4357 202—3.
