3434 5159
1907 272 2000 343 18

895 492 1188 562 Perraro
1234 491 1554 560 homines
1599 510 1728 559 sua
1772 491 2084 579 ipsorum
2113 496 2430 581 tempora
2459 498 2885 584 eventusque
2917 515 3083 566 suae

807 597 1050 667 aetatis
1109 616 1350 666 revera
1410 615 1825 685 cognoscere
1886 601 1954 663 et
1998 597 2277 685 penitus
2324 599 2715 686 perspicere
2760 606 3083 689 possunt;

806 701 904 770 ita
956 722 1100 770 non
1147 720 1349 791 aegre
1394 700 1795 785 ferendum,
1844 700 2030 788 quod
2075 700 2378 768 Romani
2422 702 2633 790 primi
2679 710 2748 771 et
2792 705 3080 774 secundi

804 806 1064 875 saeculi
1108 825 1176 893 p.
1211 804 1284 873 C.
1319 825 1389 872 n.
1410 857 1427 890 ,
1474 824 1727 893 parum
1772 803 2249 894 intellegentes
2296 825 2525 873 mores
2563 807 2933 879 hominum
2979 810 3083 898 ip-

803 929 1043 980 sorum
1102 914 1499 997 statumque
1559 928 1797 977 rerum
1843 910 2131 977 omnino
2177 914 2527 978 mutatum
2573 931 2725 979 esse
2743 965 2762 998 ‚
2810 932 3086 1001 semper

803 1014 1273 1104 opinabantur
1333 1034 1495 1083 cum
1557 1012 1875 1081 libertate
1935 1018 2347 1100 recuperata
2408 1014 2619 1082 etiam
2686 1016 3083 1085 felicitatem

806 1118 1253 1207 antiquorum
1349 1123 1744 1206 temporum
1825 1116 2207 1185 redituram
2277 1137 2427 1185 esse
2442 1169 2461 1202 ‚
2533 1121 2734 1207 quasi
2801 1120 3080 1190 libertas

804 1224 1061 1291 omissa
1106 1228 1285 1291 esset
1329 1221 1476 1290 sola
1523 1240 1732 1291 causa
1778 1221 2097 1289 omnium
2146 1222 2641 1293 calamitatum.

893 1326 970 1395 Si
1031 1333 1263 1396 autem
1324 1330 1628 1411 constat,
1691 1330 1969 1414 poetam
2030 1325 2439 1395 arbitratum
2487 1347 2638 1397 esse
2657 1381 2675 1415 ,
2721 1329 3078 1397 victoriam

805 1432 1119 1522 Pompeii
1163 1433 1466 1500 maxime
1512 1452 1551 1499 e
1595 1429 1955 1520 republica
1999 1431 2304 1500 futuram
2335 1432 2545 1501 fuisse
2561 1485 2579 1518 ,
2616 1432 2780 1501 deos
2809 1440 3045 1503 tamen
3062 1488 3079 1521 ,

806 1536 1039 1605 dedita
1097 1556 1343 1625 opera,
1391 1537 1669 1623 tyranni
1715 1535 2012 1623 imperio
2076 1536 2413 1624 populum
2475 1537 2875 1607 Romanum
2920 1559 3078 1628 pro-

804 1642 1127 1710 stravisse
1145 1694 1163 1727 ‚
1211 1660 1354 1709 non
1401 1639 1802 1707 mirandum
1849 1645 1949 1707 est
1998 1640 2182 1729 quod
2231 1640 2477 1709 acerbe
2522 1662 2810 1730 superos
2855 1644 3081 1711 omnis

803 1747 1252 1836 malignitatis
1290 1745 1569 1832 odiique
1596 1744 1674 1811 in
1705 1744 2060 1811 Romanos
2094 1749 2407 1831 accusat,
2441 1746 2626 1834 quod
2660 1746 2825 1816 deos
2855 1746 3078 1815 homi-

804 1850 1012 1920 nibus
1058 1849 1559 1918 infensissimos
1604 1846 1952 1915 informat.

896 1954 1030 2022 Sed
1101 1959 1341 2022 contra
1408 1952 1666 2041 optime
1727 1952 1929 2020 nobis
1991 1950 2251 2041 fingere
2308 1973 2707 2042 possumuS,
2777 1956 3079 2045 aliquem

803 2059 1081 2127 tristitia
1141 2062 1209 2124 et
1272 2056 1506 2124 dolore
1563 2075 1812 2124 rerum
1863 2056 2342 2126 Romanarum
2404 2069 2863 2143 commotum,
2928 2081 3078 2128 om-

805 2182 1070 2251 nesque
1133 2161 1557 2230 calamitates
1617 2160 2110 2249 miseriamque
2154 2163 2545 2231 intuentem
2563 2216 2581 2249 ‚
2631 2184 2805 2252 quas
2852 2164 3081 2232 clades

804 2266 1200 2336 Pharsalica
1259 2266 1525 2333 Romae
1586 2265 1923 2350 attulerit,
1990 2264 2270 2334 tandem
2331 2267 2787 2336 furibundum
2854 2269 3079 2336 excla-

805 2390 1024 2439 mare:
1092 2369 1426 2457 „Minime
1486 2367 1638 2436 fieri
1698 2373 1954 2457 potest,
2011 2374 2090 2436 ut
2134 2369 2246 2436 dei
2291 2390 2531 2438 revera
2576 2371 2750 2457 sint,
2798 2372 2911 2438 isti
2958 2372 3080 2459 qui

805 2481 949 2544 tam
1012 2473 1319 2543 crudelia
1364 2479 1433 2541 et
1476 2473 1816 2540 immania
1857 2475 1935 2540 in
1979 2473 2299 2541 homines
2343 2475 2749 2543 innocentes
2796 2477 3081 2564 permit-

804 2573 990 2665 tant,
1055 2583 1171 2647 aut
1235 2579 1366 2667 ipsi
1431 2575 1734 2645 efficiant
1753 2576 1811 2643 !'’
1888 2575 2411 2665 Nonnunquam
2457 2578 2706 2647 accidit
2751 2585 2829 2647 ut
2874 2580 3080 2647 etiam

808 2683 1058 2771 aliquis
1103 2688 1419 2750 nostrum
1436 2747 1452 2767 ,
1503 2681 1625 2769 qui
1672 2679 2045 2749 Christiani
2090 2681 2432 2767 dicamur,
2481 2683 2684 2750 malis
2731 2688 2798 2751 et
2826 2683 3079 2751 ictibus

805 2787 1123 2857 fortunae
1184 2787 1511 2855 adversae
1575 2787 1661 2854 ad
1707 2805 2058 2854 summam
2104 2785 2655 2875 desperationem
2703 2789 3040 2857 adductus
3058 2841 3075 2873 ‚

806 2892 1207 2961 incredulus
1276 2912 1317 2960 a
1386 2910 1462 2959 se
1521 2891 1672 2979 ipso
1735 2896 2054 2977 quaerat,
2120 2911 2293 2959 num
2354 2911 2595 2960 revera
2655 2911 2805 2961 esse
2864 2893 3079 2980 possit

806 2997 1238 3102 providentia
1257 3049 1275 3085 ,
1340 3015 1517 3085 quae
1577 2995 1743 3063 talia
1792 2993 1942 3062 fieri
1985 2995 2307 3083 patiatur.
2399 2995 2507 3063 Illi
2556 3016 2793 3064 versus
2839 3017 3078 3086 graves

806 3103 1050 3192 igitur,
1112 3120 1462 3172 summam
1509 3099 1726 3167 animi
1771 3098 2365 3187 perturbationem
2409 3101 2896 3190 tristitiamque
2942 3103 3077 3189 sig-

802 3206 1166 3278 nificantes
1240 3205 1543 3272 bominis
1620 3203 1964 3294 desperati
2026 3209 2233 3291 atque
2296 3204 2577 3334 demissi
2641 3205 2849 3293 plane
2909 3206 3077 3291 „ho-

803 3311 1069 3380 minem
1115 3314 1390 3379 sonant.
1397 3310 1437 3338 ’'

893 3415 1030 3484 Sed
1077 3414 1451 3483 admodum
1499 3412 1899 3481 dubitamus
1919 3464 1936 3499 ,
1984 3431 2157 3481 num
2206 3431 2289 3479 ex
2335 3432 2416 3481 eo
2450 3432 2590 3481 uno
2621 3412 2773 3480 loco
2806 3412 3079 3480 efficere

804 3520 1041 3607 liceat,
1090 3519 1453 3588 Lucanum
1499 3536 1784 3605 prorsus
1830 3535 2084 3605 negare
2130 3516 2294 3584 deos
2342 3537 2491 3585 esse
2538 3522 2607 3585 et
2651 3538 2963 3607 regnare.

894 3624 1210 3692 Fortasse
1276 3621 1488 3692 iudex
1556 3640 1837 3689 severus
1906 3620 1992 3687 de
2056 3621 2175 3688 tali
2233 3620 2700 3689 inconstantia
2761 3621 3080 3710 indigna-

802 3727 1018 3814 bitur,
1082 3727 1205 3796 sed
1263 3727 1340 3795 in
1401 3730 1709 3793 mentem
1771 3729 2076 3807 revocet,
2141 3722 2505 3793 Lucanum
2573 3744 2721 3793 esse
2767 3730 3042 3813 poetam
3062 3778 3079 3811 ‚

805 3851 950 3900 non
994 3830 1484 3920 philosophum
1503 3883 1521 3917 ,
1565 3835 1645 3898 ut
1687 3829 1832 3896 iam
1879 3832 2082 3895 antea
2115 3828 2414 3915 dictum,
2452 3828 2537 3896 ad
2570 3833 2811 3917 poetae
2846 3834 3077 3898 autem

804 3936 1222 4006 sententiam
1269 3955 1476 4023 saepe
1523 3933 1742 4002 animi
1787 3929 2222 4000 affectionem
2270 3932 2725 4020 habitumque
2771 3932 3079 4021 permul-

804 4046 957 4109 tum
1003 4040 1265 4128 valere,
1312 4040 1410 4108 ita
1454 4043 1531 4107 ut
1578 4035 1785 4105 modo
1831 4035 1999 4120 hoc,
2047 4036 2254 4103 modo
2303 4036 2492 4104 aliud
2537 4037 2810 4104 sentiat.
2905 4036 3080 4105 Sunt

804 4129 1045 4213 tamen
1093 4145 1354 4232 aliquot
1396 4142 1565 4229 loci,
1613 4140 1740 4209 ubi
1782 4145 1990 4228 poeta
2035 4140 2242 4208 alicui
2288 4139 2761 4229 providentiae
2802 4141 3081 4210 credere

806 4250 1113 4328 videtum
1159 4249 1283 4319 sed
1327 4247 1635 4337 singulos
1678 4244 2156 4333 inspiciamus.
