3434 5159
1844 316 1933 384 12

758 536 962 605 modo
1029 558 1069 604 e
1137 537 1481 606 sententia
1547 541 1790 625 poetae
1856 536 2076 626 ipsius
2102 591 2120 624 ‚
2190 538 2312 607 sed
2381 539 2594 607 etiam
2669 538 2986 611 Caesaris
3009 596 3028 629 ‚

756 641 1072 733 Pompeii
1110 643 1577 732 aliorumque,
1612 642 1905 730 negotiis
1938 642 2266 713 omnibus
2304 646 2627 713 humanis
2657 645 3029 733 interesse,

756 766 1010 838 eosque
1056 748 1382 817 omnibus
1426 749 1503 816 in
1545 747 1758 816 rebus
1801 747 2109 816 invocari
2158 754 2365 838 atque
2395 749 2774 839 implorari.
2864 750 3029 820 Sine

756 853 968 923 dubio
1013 855 1221 944 igitur
1265 858 1471 943 poeta
1512 853 1705 922 deos
1753 873 1935 921 esse
1982 854 2313 943 agnoscit.

349 953 731 1049 fflgssffissmffi
846 958 1050 1029 Nunc
1097 965 1330 1028 autem
1377 978 1824 1048 quaeramuS‚
1876 976 2055 1048 quae
2101 964 2353 1028 natura
2402 965 2468 1030 et
2506 979 2687 1050 quae
2719 962 3031 1052 proprie-

348 1067 475 1113 ’ΨΜ
502 1060 608 1103 ⁵⁸⁸¹·
755 1069 930 1133 tates
974 1066 1060 1132 iis
1107 1064 1254 1133 deis
1300 1084 1451 1133 esse
1499 1064 1883 1134 videantur.

841 1169 1271 1239 Pharsaliam
1327 1169 1584 1260 legenti
1629 1170 1781 1238 sine
1830 1168 2042 1240 dubio
2090 1169 2342 1258 cuique
2390 1169 2627 1237 statim
2674 1170 2750 1239 in
2796 1172 3032 1241 oculos

754 1275 1091 1362 incurret,
1134 1295 1345 1364 quam
1391 1274 1840 1344 vehementer
1883 1279 1950 1342 et
1981 1273 2236 1343 furiose
2258 1279 2464 1363 poeta
2494 1279 2730 1343 noster
2760 1276 2835 1344 in
2868 1277 3033 1346 deos

754 1380 1122 1450 invehatur
1168 1386 1375 1469 atque
1421 1381 1701 1450 saeviat.
1761 1380 2106 1450 Omnibus
2149 1380 2560 1450 criminibus
2592 1380 2759 1450 deos
2787 1389 3038 1452 onerat

754 1505 981 1574 neque
1027 1486 1322 1555 lassatur
1368 1506 1486 1556 eos
1534 1487 1858 1555 incusare
1884 1485 2183 1574 odioque
2206 1486 2559 1578 persequi3
2592 1506 2822 1575 neque
2846 1488 3036 1577 apud

752 1590 976 1660 ullum
1040 1597 1390 1661 auctorem
1457 1591 1786 1660 Latinum
1849 1591 2246 1659 invenietur
2292 1596 2438 1659 tam
2488 1610 2648 1660 acer
2693 1593 3032 1682 impetuS,

752 1701 896 1764 tam
963 1696 1336 1765 vehemens
1398 1697 1779 1765 exsecratio
1842 1701 1911 1764 et
1976 1700 2416 1786 contemptus
2479 1696 2767 1766 deorum
2818 1702 3028 1787 atque

755 1801 939 1890 apud
1007 1800 1392 1871 Lucanum.
1503 1801 1709 1872 Nunc
1782 1801 2065 1890 quidem
2090 1854 2107 1889 ,
2179 1802 2443 1892 inquit,
2508 1803 2734 1871 Roma
2780 1803 3037 1873 misera

754 1911 892 1994 est,
940 1907 1095 1975 sed:

975 2011 1183 2098 „felix
1227 2010 1454 2080 Roma
1499 2011 1782 2101 quidem
1831 2012 2152 2102 civesque
2197 2011 2519 2082 habitura
2563 2012 2839 2101 beatOS,

973 2117 1034 2185 si
1077 2117 1414 2186 libertatis
1459 2118 1732 2208 superis
1777 2123 1922 2186 tam
1969 2136 2138 2188 cura
2182 2117 2526 2206 placeret,

977 2242 1189 2315 quam
1236 2222 1539 2292 vindicta
1584 2223 1853 2313 placet”
1904 2275 1920 2292 .
2015 2276 2031 2291 .
2127 2276 2142 2291 .
2241 2276 2258 2292 .
2291 2221 2348 2312 l)

844 2327 1112 2409 Quibus
1182 2327 1410 2397 verbis
1478 2327 1652 2395 nihil
1723 2328 1975 2397 clarius
2044 2327 2408 2397 ostendere
2478 2332 2740 2417 potest,
2822 2346 3033 2417 quam

750 2433 1069 2501 homines
1117 2433 1303 2502 illius
1349 2433 1682 2522 temporis
1714 2451 2127 2522 persuasum
2160 2432 2467 2501 habeant
2499 2433 2664 2502 deos
2690 2433 3035 2502 Romanis

753 2537 1058 2606 infensos
1092 2558 1240 2606 esse
1273 2543 1341 2605 et
1374 2537 1755 2622 adversari3
1783 2538 1954 2626 quin
1988 2537 2416 2607 clarissimus
2439 2557 2678 2608 rerum
2704 2538 3030 2627 scriptor,

753 2642 1050 2720 dicimus
1096 2643 1414 2712 Tacitum
1434 2695 1451 2728 ‚
1503 2643 1692 2711 haud
1737 2643 1837 2710 ita
1881 2643 2118 2713 multis
2152 2643 2356 2711 annis
2388 2647 2580 2732 post,
2614 2642 2757 2712 fere
2787 2642 3034 2711 iisdem

754 2747 982 2816 verbis
1026 2748 1101 2816 in
1148 2748 1470 2816 Historiis
1516 2745 1546 2813 Ι
1582 2768 1596 2814 :
1629 2746 1676 2814 3
1720 2748 1983 2817 utitur:
2033 2746 2225 2833 „Nec
2257 2747 2446 2815 enim
2478 2767 2819 2836 umquam
2853 2753 3035 2816 atro-

755 2853 1057 2923 cioribus
1121 2853 1361 2942 populi
1422 2853 1726 2920 Romani
1791 2852 2104 2933 cladibus
2150 2854 2457 2943 magisve
2510 2852 2710 2921 iustis
2756 2851 3035 2940 indiciis

753 2958 1212 3048 adprobatum
1277 2963 1412 3045 est,
1478 2977 1640 3026 non
1705 2977 1885 3026 esse
1949 2978 2198 3028 curae
2266 2958 2442 3026 deis
2496 2958 3031 3027 securitatem

752 3069 1148 3151 nostram,
1229 3084 1408 3134 esse
1492 3065 1969 3135 ultionem.''
2087 3063 2289 3145 Quod
2365 3068 2468 3132 est
2538 3067 3032 3152 argumentum

753 3167 1069 3257 firmum,
1120 3170 1485 3241 Lucanum
1533 3171 1937 3261 opinionem
1986 3167 2343 3258 vulgarem
2390 3168 2832 3258 expressisse.

841 3274 1219 3344 Hominem
1282 3276 1613 3366 probum,
1690 3275 2024 3345 Catonem
2046 3327 2065 3361 ,
2129 3293 2273 3342 non
2320 3273 2592 3343 dubitat
2638 3272 2784 3342 deis
2831 3292 3032 3361 prae-

753 3401 1012 3470 ponere
1028 3433 1046 3468 ,
1096 3401 1298 3450 nam:

931 3487 1220 3574 „victrix
1272 3505 1480 3556 causa
1525 3486 1672 3554 deis
1717 3485 2014 3575 placuit,
2063 3484 2187 3554 sed
2233 3484 2414 3553 victa
2462 3482 2753 3553 Catoni'’
2788 3480 2846 3571 2)

841 3589 965 3658 Ille
1028 3591 1177 3681 ipse
1240 3590 1444 3677 Cat0,
1508 3592 1614 3659 vir
1658 3595 1804 3660 tam
1850 3589 2212 3680 religiosus
2261 3595 2330 3657 et
2374 3594 2692 3675 sanctuS,
2746 3607 2908 3657 cum
2956 3607 3032 3655 se

753 3701 1035 3786 purgat,
1108 3697 1294 3784 quod
1352 3696 1429 3764 in
1489 3696 1672 3765 bello
1730 3695 1913 3768 civili
1962 3695 2361 3766 alterutrius
2406 3695 2721 3785 partibus
2767 3692 3023 3779 faveat,

754 3800 1030 3889 culpam
1080 3821 1361 3870 omnem
1407 3801 1484 3869 in
1528 3802 1695 3870 deos
1744 3801 2044 3870 confert:

931 3907 1245 3993 „crimen
1291 3908 1422 3975 erit
1467 3906 1788 3996 SuperiS,
1838 3912 1907 3975 et
1952 3925 2067 3974 me
2113 3904 2356 3974 fecisse
2402 3902 2815 3973 nocentem”
2840 3901 2900 3992 ³)

841 4011 969 4080 Dei
1038 4032 1309 4112 omnes,
1343 4012 1495 4082 illas
1559 4012 1986 4081 calamitates
2048 4011 2576 4097 constituerunt,
2640 4014 2719 4077 ut
2785 4007 3030 4097 Figulo

841 4262 896 4330 ι)
939 4221 1139 4316 Phara.
1182 4254 1462 4317 lvzsov.
1527 4287 1535 4297 ,
1705 4256 1772 4333 2)
1812 4216 2013 4317 Phaia.
2055 4255 2122 4315 1:
2149 4260 2281 4315 128.

836 4356 896 4427 3)
1023 4396 1057 4423 „
1185 4351 1440 4413 11:288.
