3434 5159
1806 303 1898 374 64

947 531 1018 595 te
1034 580 1051 610 ,
1102 526 1354 596 Caesar
1370 581 1388 615 ,
1438 526 1851 616 magnisque
1894 527 2111 597 velint
2160 528 2455 599 miscere
2504 530 2801 603 Metellis
2822 588 2842 622 ,

940 632 1027 700 ad
1076 632 1336 702 Cinnas
1384 632 1777 721 Mariosque
1823 634 2089 702 veniS.”
2123 636 2173 720 1)

806 736 893 805 Et
950 737 1292 806 iactanter
1351 737 1621 805 homini
1680 742 2092 826 potestatem
2146 739 2267 808 fati
2314 743 2671 811 evertendi
2721 744 3008 830 tribuit,

716 841 1159 932 philosophos
1205 841 1416 911 Indos
1463 842 1756 911 laudans
1775 896 1793 930 ,
1841 844 1963 933 qui
2003 845 2168 912 vivi
2213 866 2415 936 rogos
2462 848 2782 917 ardentes
2830 870 3006 918 con-

717 948 1088 1016 scendant:

837 1056 841 1060 “
987 1105 1002 1121 .
1323 1106 1338 1123 .
1432 1052 1609 1140 „Pro
1657 1059 1920 1143 quanta
1966 1062 2069 1123 est
2114 1055 2333 1146 gloria
2378 1059 2570 1147 genti

982 1158 1303 1227 iniecisse
1350 1178 1642 1228 manum
1689 1159 1847 1228 fatis
1864 1213 1882 1247 ,
1930 1162 2210 1251 vitaque
2254 1162 2558 1252 repletos

986 1263 1170 1351 quod
1216 1269 1569 1353 superest,
1617 1264 1913 1334 donasse
1960 1254 2152 1335 deis”
2187 1268 2263 1352 2).

808 1365 1181 1456 Pompeius
1227 1389 1313 1437 ex
1359 1366 1557 1436 Italia
1605 1369 1865 1457 evadit,
1917 1385 2385 1461 quamquam:

1282 1526 1296 1542 .
1507 1525 1523 1541 .
1617 1474 1794 1559 „Vix
1839 1474 1977 1544 fata
2023 1476 2331 1546 sinuntss'
2366 1477 2417 1563 3)

808 1576 935 1645 Η15
979 1578 1305 1647 omnibus
1351 1580 1769 1668 perspectiS,
1819 1601 1963 1649 non
2011 1581 2478 1653 dubitandum
2525 1583 2798 1654 videtur
2829 1585 3003 1674 quin

719 1680 1081 1771 LucanuS,
1151 1688 1227 1753 ut
1296 1684 1441 1753 iam
1511 1684 1715 1754 multi
1777 1691 2023 1776 poetae
2082 1687 2248 1755 inde
2309 1688 2397 1757 ab
2461 1689 2800 1772 Homer0‚
2858 1710 3004 1758 non

718 1807 991 1876 semper
1041 1794 1108 1856 51
1153 1789 1579 1879 ubicumque
1625 1790 1847 1861 fatum
1878 1792 2307 1861 inexorabile
2338 1794 2474 1863 sibi
2504 1794 3005 1863 informaverit.

807 1893 1051 1982 Neque
1118 1895 1415 1982 mirum,
1479 1915 1645 1964 nam
1707 1896 1847 1965 fato
1911 1899 2149 1967 omnia
2210 1905 2533 1989 regente,
2596 1900 3004 1969 hominibus

721 2000 920 2087 quasi
987 2002 1458 2090 neurospastis
1527 2002 1671 2069 sive
1736 2003 1967 2071 nervis
2031 2004 2278 2073 alienis
2338 2004 2599 2091 (1115115,
2665 2011 2808 2075 tota
2839 2008 3012 2099 'vita

720 2102 1030 2173 humana
1073 2125 1329 2195 magno
1375 2104 1687 2194 flumini,
1737 2107 2058 2177 homines
2104 2108 2359 2179 frustra
2405 2110 2838 2179 obluctantes
2879 2131 3008 2179 au-

720 2207 986 2296 ferenti,
1020 2210 1266 2279 similis
1295 2210 1590 2280 videtur:
1618 2212 1847 2300 poesis
1871 2214 2069 2302 epica
2095 2203 2339 2283 autem
2356 2216 2725 2284 evanescit.
2777 2215 3009 2296 Quam

720 2313 810 2382 ob
870 2334 1021 2382 rem
1083 2318 1367 2384 necesse
1429 2321 1534 2384 est
1578 2321 1657 2385 ut
1702 2322 1939 2406 poeta,
1991 2319 2202 2387 etiam
2247 2320 2308 2388 si
2355 2325 2580 2389 castra
2626 2322 3007 2390 stoicorum

720 2424 946 2508 petat,
1007 2420 1412 2490 hominibus
1473 2422 1812 2490 maiorem
1874 2422 2268 2492 libertatem
2321 2425 2660 2493 moralem
2706 2427 2968 2496 tribuat
2987 2479 3007 2513 ,

722 2544 933 2613 quam
982 2546 1143 2595 cum
1191 2526 1505 2595 doctrina
1552 2527 1638 2596 de
1686 2527 1826 2596 fato
1875 2529 2263 2598 conveniat.

811 2631 946 2702 Sed
995 2653 1157 2701 cum
1202 2631 1336 2701 hac
1382 2633 1789 2721 quaestione
1835 2633 2222 2702 arctissime
2271 2634 2594 2703 cohaeret
2623 2637 2832 2722 rati0‚
2867 2657 3011 2725 qua

722 2738 939 2807 fatum
973 2757 1014 2806 a
1044 2737 1190 2805 deis
1222 2737 1551 2826 pendeat3
1587 2738 1774 2827 quod
1806 2758 1999 2808 nunc
2030 2738 2234 2807 nobis
2262 2739 2848 2811 considerandum
2878 2748 3004 2811 est.

627 2872 696 2901 nm
810 2844 942 2911 Hic
987 2843 1221 2911 statim
1269 2844 1656 2912 maximum
1702 2844 2079 2913 discrimen
2126 2841 2309 2912 inter
2354 2847 2775 2916 sententiam
2826 2850 3009 2916 anti-

722 2970 1020 3040 quorum
1066 2955 1134 3017 et
1178 2950 1649 3018 recentiorum
1695 2956 2091 3039 temporum
2139 2951 2450 3040 conspici
2495 2957 2741 3041 potest.

724 3055 940 3125 Nobis
988 3056 1177 3124 enim
1225 3056 1414 3123 notio
1470 3054 1592 3123 fati
1638 3075 1894 3143 negare
1941 3060 2009 3123 et
2053 3075 2413 3124 removere
2460 3056 2733 3125 videtur
2779 3057 3006 3126 Deum

721 3161 1196 3251 personalem,
1245 3160 1563 3229 homines
1614 3165 1980 3229 curantem
2026 3166 2235 3250 atque
2281 3160 2709 3251 diligentem.
2789 3161 3007 3231 Stoici

724 3273 956 3335 autem
1027 3266 1538 3357 quodammodo
1609 3266 1830 3335 fatum
1901 3271 1969 3333 et
2037 3266 2250 3335 deum
2322 3267 2743 3352 assimilant,
2816 3267 3003 3355 quod

724 3371 915 3440 nullo
961 3373 1169 3440 modo
1217 3371 1469 3441 clarius
1487 3425 1505 3458 ,
1564 3390 1780 3461 quam
1827 3370 2146 3440 Senecae·
2180 3371 2401 3461 ipsius
2447 3371 2676 3440 verbis
2722 3372 3007 3461 probari

722 3482 949 3566 potest
961 3503 980 3555 ς
1050 3479 1171 3566 qui
1241 3478 1341 3545 sic
1409 3477 1718 3566 scripsit:
1783 3475 2014 3563 „Quid
2078 3477 2268 3545 enim
2333 3476 2519 3545 aliud
2567 3483 2672 3546 est
2717 3482 3003 3565 natura,

724 3601 935 3671 quam
983 3581 1168 3651 Deus
1216 3588 1284 3650 et
1328 3583 1561 3650 divina
1606 3583 1783 3650 ratio
1802 3635 1819 3668 ‚
1868 3586 2011 3650 toto
2059 3582 2323 3650 mundo
2366 3581 2441 3650 ’51
2487 3582 2804 3671 partibus
2852 3583 3005 3651 eius

724 3687 982 3755 inserta
1009 3740 1025 3755 .
1054 3739 1070 3755 .
1098 3735 1113 3752 .
1145 3740 1160 3756 .
1208 3687 1398 3756 hunc
1445 3687 1748 3755 eundem
1795 3688 1854 3756 si
1897 3687 2116 3757 fatum
2148 3688 2406 3756 dixeris
2444 3708 2588 3756 non
2622 3688 3004 3758 mentieris

317 2863 408 2905 Quo
427 2860 652 2902 moodfatu

315 2873 452 2956 stude
478 2913 666 2967 pedat

808 4059 867 4126 1)
911 4052 1108 4111 Phars.
1151 4050 1407 4109 11:544.

806 4153 866 4222 2)
991 4192 1022 4215 „
1158 4146 1279 4203 ΠΙ.
1303 4147 1570 4203 241—3:
1613 4142 1768 4216 quod
1809 4145 2101 4216 superest.
2141 4158 2219 4201 55.
2264 4143 2449 4218 vitae3
2489 4143 2792 4202 remittunt
2824 4141 3006 4216 igitur

724 4244 982 4305 homines
1021 4241 1271 4315 aliquam
1309 4244 1534 4314 partem
1572 4240 1728 4300 vitae
1767 4237 1880 4296 sibi
1920 4236 2180 4297 debitae·
2162 4279 2181 4313 ,
2221 4235 2295 4297 51.
2337 4238 2574 4297 Aeneid.
2619 4238 2715 4297 X:
2738 4243 2873 4296 419.

808 4341 870 4416 3)
909 4336 1245 4398 Phars.11·
1271 4340 1408 4395 701.
