3434 5159
1556 348 1647 437 233

564 594 756 680 „sive
802 592 980 661 nihil
1025 592 1329 680 positum
1378 590 1514 675 est,
1564 588 1684 656 sed
1732 586 1927 655 Fors
1975 584 2290 656 incerta
2339 584 2627 679 vagatur

562 699 830 786 fertque
876 697 1222 784 refertque
1271 697 1485 779 viceS,
1536 698 1602 760 et
1652 692 1861 760 habet
1906 692 2224 761 mortalia
2273 697 2579 764 casuS.’'
2607 692 2664 782 1)

475 822 704 893 neque
767 802 1054 892 Figulus
1123 801 1474 869 fortunam
1537 803 2070 883 commemorat,
2134 798 2242 867 his
2303 799 2562 897 verbis=
2596 819 2757 866 sen-

507 911 698 978 entia
746 908 1091 996 Epicurea
1139 906 1381 973 allata:

669 1018 834 1101 „aut
877 1013 993 1080 hic
1040 1018 1258 1098 errat,
1310 1011 1439 1097 ait,
1488 1008 1683 1078 nulla
1731 1030 1893 1077 cum
1940 1008 2091 1098 lege
2140 1030 2265 1097 per
2310 1029 2560 1079 aevum

662 1118 968 1186 mundus
1017 1122 1084 1184 et
1130 1118 1396 1184 incerto
1444 1114 1846 1183 discurrunt
1894 1113 2124 1182 sidera
2172 1116 2429 1183 motu.''
2461 1115 2519 1203 2>

481 1225 666 1314 quod
712 1228 1200 1312 argumentum
1249 1228 1352 1290 est
1398 1223 1675 1309 poetam
1722 1220 2072 1289 fortunam
2122 1225 2187 1287 et
2235 1220 2489 1288 fortem
2533 1223 2764 1290 incer-

483 1336 626 1398 tam
674 1349 818 1397 non
862 1326 1277 1396 assimilasse
1324 1345 1554 1414 neque
1599 1325 1951 1394 fortunam
1985 1330 2053 1392 et
2085 1325 2304 1394 fatum
2337 1331 2415 1394 ut
2447 1327 2765 1395 notiones

486 1436 665 1502 inter
712 1454 786 1501 se
834 1432 1184 1521 oppositas
1230 1431 1364 1500 sibi
1411 1430 1718 1500 finxisse.

578 1538 759 1607 Satis
826 1537 1145 1606 mirabile
1217 1536 1459 1625 igitur,
1533 1536 1722 1623 quod
1783 1536 2077 1625 scriptor
2136 1536 2300 1605 satis
2364 1537 2626 1624 clarus,
2688 1539 2763 1605 in
2795 1544 3033 1637 {5⁰33ng
3076 1624 3085 1634 ⁶

490 1664 696 1732 opere
764 1643 1239 1711 delectationis
1258 1694 1275 1726 ‚
1349 1641 1471 1709 sed
1541 1642 1752 1708 etiam
1824 1660 2135 1710 errorum
2198 1636 2404 1731 pleno
2424 1696 2440 1728 ‚
2474 1643 2530 1728 3)
2599 1664 2770 1711 sono

496 1748 862 1836 deceptus,
936 1747 1285 1814 fortunam
1354 1744 1540 1813 idem
1614 1765 1695 1813 ac
1756 1745 2003 1814 fortem
2067 1756 2216 1815 esse*
2277 1750 2577 1835 putavit3
2650 1748 2770 1817 sed

493 1873 742 1941 operae
791 1852 1092 1940 pretium
1142 1850 1246 1919 est
1292 1851 1441 1919 eius
1487 1850 1704 1939 ipsius
1756 1851 1966 1920 verba
2014 1850 2278 1920 afferre.

582 1957 1032 2046 ‚‚Lucanus³‚''
1063 1957 1321 2044 inquit,
1371 1956 1583 2041 „deos
1616 1955 2043 2025 Graecorum
2084 1954 2406 2026 exclusit:
2444 1960 2641 2028 cuius
2672 1960 2774 2027 rei

497 2065 562 2131 ei
623 2064 877 2151 gratias
941 2080 1145 2151 agere
1208 2061 1564 2129 debemus,
1661 2061 2249 2151 Unumquemque
2310 2064 2636 2151 deorum,
2687 2065 2774 2133 ab

498 2168 804 2257 Vergilio
837 2172 904 2235 et
936 2167 1181 2236 Ovidio
1213 2186 1298 2234 ex
1330 2164 1634 2234 Homero
1666 2173 2104 2256 sumptorum
2123 2221 2140 2254 ,
2174 2168 2523 2258 taedebat,
2559 2169 2775 2240 Statio

500 2278 821 2361 except0‚
872 2272 987 2340 cui
1033 2292 1306 2360 semper
1355 2272 1502 2339 deis
1549 2291 1724 2361 opus
1771 2278 1952 2360 erat,
1984 2279 2063 2342 ut
2093 2274 2434 2362 originem
2467 2275 2777 2345 divinam

502 2378 912 2466 capillorum
947 2377 1253 2446 eunuchi
1285 2382 1405 2445 aut
1428 2382 1659 2445 ortum
1685 2377 1948 2465 platani
1974 2378 2357 2448 amicorum
2384 2388 2777 2468 exponeret.

508 2481 689 2561 Quid
723 2488 958 2552 autem
989 2482 1316 2551 Lucanus
1338 2483 1414 2549 in
1440 2480 1731 2550 deorum
1756 2483 1988 2551 locum
2013 2483 2420 2552 substituit‘l
2452 2484 2779 2554 Fortuna.

507 2585 734 2666 Quam
799 2587 1026 2675 lepide
1087 2588 1492 2655 inuentum!
1567 2587 1874 2656 Fortuna
1935 2588 2065 2656 dea
2126 2594 2262 2674 est,
2313 2588 2491 2676 quae
2539 2610 2782 2659 causas

504 2710 740 2760 rerum
806 2696 1157 2781 gestarum
1214 2711 1562 2780 exponere
1609 2692 1907 2779 spernit,
1958 2698 2060 2760 est
2107 2692 2281 2779 „dea
2329 2708 2368 2761 e
2413 2695 2782 2763 machina''

510 2817 787 2885 semper
849 2796 1158 2865 adhibita
1220 2798 1308 2864 ab
1354 2797 1475 2882 iis,
1526 2797 1839 2884 quinon
1885 2817 1997 2866 res
2041 2798 2358 2885 intimaS,
2408 2800 2528 2868 sed
2575 2800 2783 2868 modo

507 2901 594 2969 ab
643 2903 981 2969 exteriore
1027 2906 1223 2990 parte
1256 2902 1565 2986 videant,
1604 2901 1765 2988 dea,
1805 2922 1984 2990 quae
2015 2923 2290 2992 semper
2322 2924 2785 2992 compensans

509 3012 578 3073 et
638 3007 926 3095 expians
987 3007 1155 3074 vitia
1217 3013 1285 3074 et
1345 3006 1710 3075 stultitiam
1772 3006 2174 3094 hominum,
2225 3028 2341 3077 eos
2387 3010 2460 3076 in
2508 3010 2787 3098 proeliis

506 3112 896 3201 superiores
944 3117 1064 3180 aut
1110 3112 1324 3179 victos
1372 3111 1727 3179 discedere
1772 3106 1962 3180 facit:
2020 3132 2232 3202 quam
2265 3113 2467 3181 deam
2501 3115 2786 3183 alternis

507 3217 776 3285 vicibus
823 3216 1149 3285 Lucanus
1196 3236 1361 3305 sago
1408 3215 1727 3305 Pompeii
1775 3221 1843 3285 et
1891 3216 2236 3304 CaesariS,
2288 3223 2405 3287 aut
2452 3219 2626 3287 stola
2658 3241 2787 3308 pu-

509 3321 666 3389 dica
727 3321 1125 3407 Corneliae,
1192 3327 1311 3389 aut
1370 3322 1610 3389 tunica
1669 3321 2043 3390 libidinosa
2091 3321 2494 3410 Cleopatrae
2539 3325 2785 3393 induit.

509 3426 815 3495 Fortuna
861 3431 962 3494 est
996 3427 1197 3515 quasi
1232 3426 1560 3494 meretrix
1589 3426 1980 3515 impudica,
2017 3444 2227 3515 quam
2261 3446 2505 3497 omnes
2537 3429 2790 3500 milites

510 3532 814 3600 vicissim
850 3531 1387 3619 amplectantur,
1425 3536 1529 3599 est
1560 3533 1761 3620 quasi
1792 3530 1908 3600 ille
1940 3537 2227 3600 truncus
2260 3532 2588 3618 ficulnuS‚
2621 3534 2791 3604 deus

516 3636 736 3705 factus
786 3656 825 3705 a
871 3636 1066 3705 fabro
1084 3690 1100 3722 ‚
1159 3638 1279 3724 qui
1326 3636 1585 3705 merdis
1633 3636 1807 3705 albis
1855 3652 2220 3706 corvorum
2269 3638 2676 3727 inquinatur
2706 3640 2791 3730 4).

596 3915 656 3986 1)
698 3911 906 3971 Phars..
956 3910 1058 3968 II:
1095 3915 1184 3969 12.
1265 3910 1619 3970 Vocabulum
1678 3908 1883 3985 „fors”
1936 3909 2105 3969 modo
2144 3910 2238 3968 hic
2290 3915 2351 3970 et
2395 3910 2518 3969 IX:
2546 3916 2657 3970 126
2698 3927 2794 3971 oc-

516 4007 715 4067 currit.

600 4107 660 4175 2)
704 4102 907 4162 Phars.
950 4103 979 4160 1
1002 4119 1016 4161 ε
1043 4106 1177 4161 642.

604 4200 665 4271 3)
708 4195 795 4256 Of.
839 4196 910 4256 D.
952 4196 1198 4257 Nisard:
1240 4180 1462 4255 l‘sltudes
1503 4211 1607 4254 sur
1642 4195 1728 4254 les
1769 4193 1976 4255 Poetes
2015 4194 2220 4255 Latius
2254 4197 2410 4256 dela
2436 4193 2792 4256 Decadence.

520 4292 656 4352 Par.
696 4292 983 4353 Hachette
1027 4297 1199 4352 1888.
1262 4292 1390 4352 Vol.
1435 4290 1508 4350 11.
1570 4304 1664 4365 pg.
1714 4294 1847 4350 146.

598 4390 662 4463 4)
702 4386 965 4462 Respicit
1003 4393 1207 4448 auctor
1245 4387 1321 4448 ad
1359 4387 1563 4447 Horat.
1608 4385 1783 4447 satir.
1823 4386 1890 4445 1:
1916 4390 1987 4446 8.-

2533 4498 2599 4551 6*

3035 1541 3175 1602 Niser-

3038 1605 3072 1633 is
