3434 5159
1466 307 1554 376 27

375 554 461 601 ex
506 539 703 620 parte
750 536 975 619 potest
1023 530 1428 614 condonari,
1478 528 1665 616 quod
1713 526 2182 616 Argonautica
2227 530 2330 593 est
2375 524 2646 609 fabula,

374 659 413 704 e
461 637 891 724 temporibus
938 635 1260 722 mythicis
1305 640 1602 722 sumpta.
1697 632 1832 700 Sed
1881 632 2079 699 aliter
2122 651 2234 699 res
2280 651 2354 699 se
2404 631 2647 715 habet,

377 761 539 809 cum
588 740 801 828 aliqui
847 740 1051 831 heros
1097 747 1202 806 est
1232 758 1403 806 avus
1437 757 1671 813 meus,
1702 738 1763 803 si
1795 735 2020 821 locuS,
2053 735 2178 804 ubi
2209 735 2328 802 illa
2359 732 2652 802 mirifica

376 846 525 934 geri
580 843 943 928 dicuntur,
1006 843 1313 931 quotidie
1374 862 1416 909 a
1475 862 1589 909 me
1651 845 2041 929 spectatur,
2089 840 2150 908 si
2196 840 2456 927 optime
2503 838 2647 907 scio

377 967 623 1016 omnes
671 966 787 1014 eas
833 967 944 1014 res
991 947 1278 1013 omnino
1326 965 1470 1013 non
1518 945 1665 1012 deis
1713 944 2152 1030 auctoribus,
2200 943 2324 1012 sed
2355 962 2393 1010 e
2424 942 2651 1012 causis

375 1050 704 1119 humanis
725 1102 742 1134 ,
803 1070 1085 1138 prorsus
1144 1056 1222 1118 ut
1283 1050 1492 1117 etiam
1554 1049 1761 1115 hodie
1818 1048 2126 1136 quotidie
2170 1046 2376 1131 fiant,
2426 1052 2652 1135 gestas

379 1174 550 1222 esse.
614 1152 802 1222 Num
847 1153 1032 1222 ullus
1078 1154 1440 1222 Romanus
1486 1152 1916 1238 credidisset,
1966 1151 2169 1219 deam
2218 1150 2651 1220 Discordiam

380 1278 467 1326 ex
513 1257 751 1325 inferis
821 1258 1258 1325 descendisse
1327 1277 1540 1346 seque
1609 1257 1684 1324 in
1733 1254 2070 1345 Capitolio
2118 1254 2521 1340 collocasse,
2573 1261 2654 1323 ut

384 1382 591 1430 avum
655 1381 862 1430 suum
927 1362 1015 1429 ad
1075 1361 1338 1430 bellum
1402 1361 1600 1429 civile
1658 1360 2194 1429 adhortaretur?
2241 1359 2430 1429 Num
2475 1360 2656 1427 veri-

380 1465 610 1533 simile
669 1465 897 1535 visum
959 1466 1232 1551 fuisset,
1300 1465 1704 1552 Caesarem,
1768 1471 1846 1533 ut
1910 1466 2206 1535 alterum
2269 1463 2653 1550 Achillem,

382 1574 678 1640 matrem
749 1570 1093 1639 Venerem
1165 1572 1416 1640 adiisse
1433 1623 1451 1656 ,
1524 1570 1863 1640 auxilium
1934 1575 2173 1638 contra
2242 1568 2655 1657 Pompeium

380 1677 783 1760 precantem
800 1674 837 1742 ‘2
945 1675 1132 1744 Num
1206 1675 1531 1744 fortitudo
1600 1674 1857 1743 Vulteii
1925 1679 1993 1741 et
2063 1672 2364 1741 Scaevae
2433 1673 2656 1761 magis

385 1776 723 1845 mirabilis
785 1784 1001 1865 esset,
1065 1782 1125 1847 si
1186 1786 1393 1868 poeta
1457 1779 2017 1864 asseveravisset,
2066 1778 2362 1847 Martem
2408 1797 2655 1866 reapse

388 1899 630 1950 eorum
676 1880 933 1970 figuras
977 1884 1288 1952 induisse
1307 1884 1344 1952 ‘2

475 1983 640 2051 Sine
687 1985 898 2054 dubio
943 1988 1116 2055 tales
1162 1988 1453 2056 fabellae
1497 2006 1642 2054 non
1675 1985 1881 2053 modo
1912 1985 2252 2074 taedium,
2292 1986 2414 2056 sed
2446 1987 2656 2054 etiam

387 2088 604 2156 risum
652 2089 934 2159 lecturis
980 2092 1379 2160 movissent.
1428 2091 1656 2171 Quam
1699 2090 2036 2159 ridiculus
2077 2112 2136 2160 e.
2163 2113 2226 2181 g.
2259 2090 2375 2160 ille
2406 2091 2656 2179 longus

386 2212 617 2259 sermo
702 2193 1118 2263 Hannibalis
1187 2200 1257 2263 et
1317 2196 1556 2264 Martis
1621 2195 1807 2282 apud
1868 2194 2118 2263 Sihum
2179 2195 2498 2264 Italicum
2547 2194 2655 2283 (in

387 2295 701 2385 Punicis)
751 2299 1055 2386 videtur,
1103 2305 1260 2387 post
1304 2320 1613 2390 pugnam
1662 2299 2105 2368 Cannensem
2150 2300 2435 2385 factam,
2487 2299 2649 2387 quid

387 2400 477 2467 sit
536 2399 933 2472 faciendum
950 2456 969 2491 ,
1034 2404 1594 2475 deliberantium.
1705 2403 1932 2472 Macte
1991 2405 2278 2491 virtute,
2338 2403 2655 2487 Lucane,

387 2504 575 2591 quod
621 2509 768 2574 tam
815 2507 1032 2575 aniles
1077 2514 1144 2576 et
1189 2510 1461 2597 ineptas
1506 2508 1777 2577 fabulas
1825 2507 2178 2597 effugeris!
2591 2503 2600 2509 ’

478 2608 768 2678 Summo
828 2611 981 2679 iure
1041 2613 1188 2682 deis
1207 2666 1226 2700 ,
1287 2635 1430 2682 non
1479 2614 1669 2683 coelo
1718 2618 1787 2681 et
1835 2614 2111 2681 aethere
2130 2667 2148 2700 ,
2194 2613 2317 2682 sed
2365 2631 2546 2700 aqua
2593 2619 2663 2680 et

393 2713 540 2802 igni
585 2713 1034 2784 interdixisti!

479 2816 711 2887 Nihilo
759 2821 993 2889 minus
1040 2826 1242 2909 poeta
1287 2825 1523 2889 noster
1555 2841 1699 2889 non
1732 2842 2016 2911 prorsus
2040 2822 2126 2890 de
2152 2823 2264 2892 via
2288 2822 2447 2890 trita
2470 2841 2662 2888 rece-

389 2922 552 2989 dere
600 2923 856 3010 potuit,
907 2925 1079 3012 quin
1126 2944 1696 3013 nonnumquam,
1742 2947 1781 2994 e
1821 2927 2323 2996 consuetudine
2356 2927 2660 3014 poetica,

389 3027 591 3114 quasi
637 3027 725 3094 ad
771 3047 1055 3096 carmen
1102 3030 1530 3116 ornandum,
1582 3030 1746 3098 deos
1795 3030 2190 3119 Olympicos
2236 3030 2495 3097 afferat.
2574 3029 2665 3096 Et

390 3129 625 3198 statim
648 3130 724 3197 in
748 3136 1057 3200 mentem
1073 3134 1263 3201 venit
1284 3133 1401 3202 ille
1425 3133 1850 3203 clarissimus
1876 3134 2066 3202 locus
2092 3134 2415 3219 Lucretii,
2436 3134 2663 3201 Vene-

390 3254 543 3300 rem
577 3235 870 3303 Matrem
906 3237 1314 3306 invocantis.
1334 3236 1391 3326 1)
1443 3238 1614 3318 Quis
1652 3245 1886 3308 autem
1924 3240 2146 3328 magis
2194 3238 2342 3305 deis
2382 3257 2663 3305 omnem

391 3340 641 3406 mundi
688 3361 928 3410 curam
975 3343 1326 3411 abiudicat
1371 3363 1581 3431 quam
1633 3343 2053 3413 Lucretius‘?
2140 3342 2231 3411 At
2273 3361 2415 3409 non
2464 3340 2666 3409 dubi-

389 3443 562 3510 tavit
587 3443 752 3532 deos
774 3446 1091 3535 vulgares
1117 3447 1202 3514 ad
1231 3466 1478 3534 poema
1504 3445 2073 3535 amplificandum
2094 3464 2672 3514 commemorare.-

485 3547 666 3627 Quid
713 3554 946 3617 autem
991 3551 1139 3639 ipse
1184 3550 1508 3620 Lucanus
1555 3552 1883 3637 senserit,
1930 3552 2083 3620 luce
2131 3551 2383 3619 clarius
2414 3570 2499 3617 ex
2533 3549 2664 3616 hoc

391 3672 536 3720 uno
582 3672 788 3721 versu
834 3654 1286 3723 dubitationis
1334 3655 1541 3743 pleno
1592 3660 1911 3743 apparet:

528 3754 648 3842 „Si
693 3778 830 3847 qua
875 3759 1085 3827 fidem
1132 3762 1388 3830 meruit
1433 3780 1720 3849 superos
1767 3761 2016 3828 mirata
2064 3758 2405 3828 vetustas''
2438 3756 2499 3846 2)

484 3861 646 3930 Deis
679 3861 1056 3951 Olympicis
1088 3865 1330 3954 igitur,
1367 3866 1585 3952 quiin
1611 3864 1969 3932 Pharsalia
1995 3865 2664 3944 commemorantur,

391 3968 786 4055 descriptis,
841 3968 1510 4058 constatgLucanum
1550 3969 1636 4036 iis
1666 3969 1816 4036 deis
1847 3968 2251 4057 vulgaribus
2282 3966 2492 4034 fidem
2524 3983 2666 4031 non

395 4071 816 4140 adhibuisse.

480 4301 539 4372 1)
579 4298 689 4360 Lib
728 4300 772 4359 1.
817 4317 861 4359 s.
901 4301 1028 4359 init.
1269 4307 1330 4378 2)
1370 4303 1573 4367 phars.
1613 4302 1700 4364 111
1725 4320 1739 4366 2
1764 4306 1901 4364 406.
