3434 5159
1737 279 1829 350 88

653 503 943 571 crimine
1005 503 1091 570 de
1150 522 1276 571 suo
1337 502 1476 570 fato
1539 508 1659 571 aut
1722 502 1997 572 fortuna
2043 505 2490 593 loquentibus
2511 561 2528 594 ,
2577 508 2929 576 Fortunae

651 608 858 677 modo
917 613 1146 697 partes
1206 608 1327 676 fati
1386 607 1761 695 tribueret,
1827 610 2033 679 modo
2079 613 2281 700 quasi
2331 612 2692 698 ancillam,
2741 614 2931 681 iussa

653 714 774 782 fati
820 711 1304 782 conficientem
1351 712 1737 782 induceret.

247 847 379 888 msam
397 845 626 898 ammeta
743 817 987 907 Neque
1031 817 1359 886 Lucanus
1404 818 1673 906 primus
1713 819 1839 887 has
1871 822 2191 890 notiones
2222 823 2322 890 sic
2357 821 2694 907 confudit3
2728 841 2927 904 nam,

246 898 627 994 ἶιῖῗωιέῗωῖεῗὲἷ
655 927 733 992 ut
790 943 1001 992 usum
1045 922 1403 1012 vulgarem
1467 924 1903 1011 omittamus,
1974 926 2117 994 iam
2167 927 2508 1016 Vergilius
2555 927 2761 994 ambo
2811 947 2930 994 vo-

247 1007 357 1047 mm’
656 1028 904 1096 cabula
947 1047 1089 1096 uno
1137 1047 1341 1096 versu
1385 1029 1538 1096 sine
1584 1029 1725 1098 ullo
1772 1030 2174 1099 discrimine
2221 1032 2571 1116 adhibuit,
2629 1032 2735 1099 his
2778 1051 2934 1098 ver-

656 1134 763 1201 bis
808 1133 1136 1202 Euandro
1154 1185 1171 1218 ,
1222 1133 1561 1202 conditori
1606 1134 1968 1204 Romanae
2014 1137 2191 1204 arcis
2207 1190 2224 1223 ‚
2272 1137 2586 1204 tributis:

834 1237 993 1324 „Me
1040 1238 1322 1327 pulsum
1368 1240 1591 1328 patria
1636 1240 2004 1330 pelagique
2052 1246 2363 1309 extrema
2408 1247 2819 1330 sequentem

834 1342 1111 1412 fortuna
1156 1344 1597 1433 omnipotens
1645 1349 1711 1413 et
1758 1345 2204 1416 ineluctabile
2248 1348 2470 1416 fatum

837 1446 945 1515 his
991 1467 1286 1536 posuere
1330 1448 1569 1519 locis,”
1605 1448 1663 1539 ¹)

750 1552 1077 1623 Manilius
1125 1559 1359 1623 autem
1406 1554 1493 1622 de
1541 1555 1959 1645 Carthagine
2005 1557 2232 1625 deleta
2277 1557 2650 1626 exclamat:

750 1657 946 1745 „Hoc
992 1658 1126 1726 nisi
1171 1659 1310 1727 fata
1357 1659 1633 1746 darent,
1685 1653 2076 1750 numquam
2122 1663 2430 1731 Fortuna
2475 1662 2809 1731 tulisset.'’
2831 1660 2890 1749 2)

662 1784 800 1852 quo
845 1762 996 1831 loco
1044 1763 1351 1832 Fortuna
1394 1764 1605 1853 igitur
1650 1785 1691 1833 a
1737 1765 1875 1834 fato
1923 1767 2200 1854 pendet.

258 1904 369 1944 num
406 1900 470 1941 aa
498 1900 640 1962 porm-
756 1868 998 1936 Restat
1042 1873 1121 1937 ut
1167 1888 1611 1957 quaeramuS,
1662 1891 1836 1940 num
1885 1870 2053 1959 quid
2098 1871 2210 1938 dei
2249 1872 2325 1939 in
2356 1872 2738 1940 Fortunam
2771 1889 2938 1937 con-

257 1967 352 1997 Μ
376 1953 641 1995 ⁰⁰⁸⁸‘¹‘¹¹⁸”“
668 1975 1093 2045 stituendam
1138 1974 1449 2063 valeant,
1510 1996 1754 2045 necne.
1849 1977 2043 2058 Quae
2090 1997 2292 2062 sane,
2344 1977 2571 2065 primo
2618 1981 2903 2065 aspectu
2925 2025 2941 2057 ,

668 2080 854 2172 apud
914 2079 1131 2148 alium
1194 2086 1548 2151 auctorem
1610 2082 1777 2151 satis
1824 2083 2002 2150 mira
2049 2082 2360 2171 quaestio
2409 2086 2624 2150 esset:
2673 2081 2735 2148 si
2783 2100 2943 2147 vero

669 2190 973 2274 constat,
1021 2185 1416 2254 Fortunam·
1449 2207 1599 2255 esse
1645 2187 1866 2256 fatum
1911 2188 2304 2276 personale,
2353 2188 2575 2256 fatum
2623 2191 2857 2254 autem
2907 2205 2947 2252 a

670 2290 817 2359 deis
886 2292 1031 2359 sive
1100 2311 1140 2358 a
1212 2292 1342 2360 deo
1412 2293 1740 2362 constitui
1810 2298 2016 2381 atque
2086 2294 2430 2379 ordinari,
2495 2292 2810 2380 sequitur
2868 2295 2949 2358 ut

672 2396 1112 2486 aliquomodo
1177 2403 1361 2467 certe
1408 2398 1717 2468 Fortuna
1765 2419 1926 2468 cum
1975 2399 2121 2467 deis
2171 2399 2556 2467 cohaereat.
2650 2398 2735 2465 Et
2784 2416 2949 2464 con-

671 2508 812 2588 tra,
878 2503 938 2571 si
999 2523 1037 2570 e
1101 2504 1410 2572 carmine
1465 2509 1655 2593 patet
1709 2505 1874 2572 deos
1922 2504 2304 2572 Fortunam
2351 2503 2775 2593 gubernare,
2824 2520 2950 2568 no-

672 2627 839 2675 vum
903 2613 1395 2697 argumentum
1458 2609 1589 2676 erit
1650 2608 1871 2677 fatum
1928 2614 1993 2677 et
2041 2609 2422 2678 Fortunam
2469 2607 2866 2697 promiscue
2913 2626 2955 2671 a

674 2717 880 2802 poeta
926 2712 1236 2782 adhibita
1267 2734 1452 2783 esse.

767 2816 1316 2905 Nonnumquam
1364 2819 1670 2888 Fortuna
1717 2827 1783 2887 et
1832 2819 1946 2887 dei
1992 2820 2169 2887 mire
2217 2818 2761 2888 confunduntur.
2832 2815 2956 2883 Ille

676 2922 886 2991 homo
946 2923 1137 3013 piuS‚
1204 2921 1469 2995 Cordus
1486 2977 1505 3012 ‚
1555 2925 1675 3012 qui
1725 2944 1974 3014 corpus
2021 2923 2336 3013 Pompeii
2382 2925 2628 2992 humat
2673 2922 2759 2990 ad
2807 2921 2953 2989 Su-

679 3046 920 3117 peros
966 3027 1183 3096 fatur:
2120 3062 2125 3065 v

903 3131 1108 3219 „Non
1154 3155 1229 3224 p1
1241 3134 1456 3203 etiosa
1502 3135 1674 3224 petit
1719 3133 2073 3204 cumulato
2121 3140 2274 3204 ture
2320 3132 2690 3222 sepulchra

904 3238 1312 3329 PompeiuS,
1362 3240 1702 3326 Fortuna,
1753 3241 1979 3309 tuuS.''
2015 3239 2073 3329 3)

771 3343 1248 3417 Ptolemaeum
1322 3350 1527 3435 poeta
1601 3346 1820 3414 iratus
1888 3349 2089 3414 vocat
2161 3344 2543 3433 „pudorem
2612 3342 2960 3410 Fortunae

645 3514 649 3518 Α
686 3449 1090 3537 crimenque
1135 3452 1488 3536 deorum”‚
1514 3450 1574 3540 4)
1625 3457 1690 3518 et
1728 3450 2005 3540 saepius
2037 3470 2077 3517 a
2108 3449 2255 3518 deis
2285 3450 2460 3517 ratio
2495 3448 2580 3516 de
2611 3448 2960 3516 Fortunae

689 3554 1077 3624 actionibus
1138 3556 1474 3643 poscitur,
1539 3555 1881 3644 culpaque
1928 3555 2276 3623 Fortunae
2338 3554 2413 3621 in
2476 3553 2641 3620 deos
2690 3551 2957 3619 confer-

690 3664 821 3726 tur.
914 3658 1247 3728 Militibus
1312 3658 1623 3728 Caesaris
1679 3664 1747 3727 et
1792 3657 2108 3748 Pompeii
2153 3658 2455 3726 invicem
2503 3647 2579 3724 in
2627 3654 2964 3743 Hispania

692 3763 1070 3831 amicitiam
1133 3763 1699 3849 conciliantibuS,
1734 3763 1887 3833 'sed
1948 3768 2186 3851 postea
2247 3782 2322 3829 se
2385 3761 2687 3829 invicem
2757 3756 2964 3847 perfi-

691 3867 882 3936 diose
927 3867 1504 3940 interficientibus
1520 3922 1538 3957 ,
1587 3868 1761 3939 illud
1791 3857 2062 3939 facinus
2092 3867 2438 3939 nefarium
2470 3865 2666 3935 Fidei
2698 3864 2964 3934 crimen

782 4199 838 4271 1)
878 4195 1052 4268 Verg.
1093 4193 1239 4254 Aen.
1280 4193 1418 4254 VIII
1448 4209 1462 4252 t
1495 4196 1630 4254 333.
1953 4192 2014 4263 2)
2054 4187 2257 4248 Manil.
2297 4185 2533 4247 Astron.
2575 4186 2697 4247 IV:
2725 4189 2821 4246 49.

779 4296 840 4370 3)
881 4291 1084 4355 Phars.
1125 4290 1309 4350 VIII:
1341 4294 1473 4349 729.
1822 4342 1829 4345 .
1957 4289 2017 4362 4)
2059 4284 2258 4343 Phars.
2302 4283 2392 4344 Va
2423 4287 2516 4367 59.
