3434 5159
1559 1038 1970 1107 CAPUT
2056 1041 2133 1109 V.

826 1259 975 1344 Quid
1019 1259 1286 1328 Lucanus
1327 1259 1404 1327 de
1442 1259 1665 1342 morte,
1707 1260 1783 1327 de
1826 1278 2016 1328 rerum
2055 1262 2207 1345 fine,
2247 1264 2323 1331 de
2364 1264 2567 1330 interis
2606 1265 2885 1333 senserit.

1032 1478 1192 1540 Mors
1245 1478 1505 1554 aenigma
1554 1479 1707 1538 vitae
1761 1481 2033 1540 mortalis.
2073 1515 2152 1524 —
2193 1480 2493 1543 Sententia
2548 1481 2867 1543 Stoicorum
2908 1484 2981 1544 de

1113 1580 1312 1637 morte.
1358 1608 1431 1619 —
1475 1575 1725 1636 Senecae
1765 1581 1825 1636 et
1850 1576 2089 1637 aliorum
2119 1579 2421 1638 sententia.
2452 1613 2530 1622 —
2557 1578 2822 1640 Lucanus
2850 1597 2980 1640 cum

1113 1673 1283 1747 vulgo
1310 1674 1611 1732 convenire
1638 1673 1879 1733 videtur.
1910 1707 1986 1716 -
2015 1674 2353 1748 Saepissime
2382 1680 2554 1749 poeta
2580 1676 2652 1736 de
2679 1677 2942 1738 manibus
2961 1722 2978 1748 ,

1114 1769 1185 1829 de
1212 1769 1426 1828 umbris
1454 1769 1592 1843 agit.
1623 1802 1699 1812 —-
1727 1768 2193 1830 Informationem
2219 1772 2511 1846 vulgarem
2538 1772 2610 1832 de
2630 1771 2830 1832 inferis
2849 1789 2978 1834 sae-

1112 1866 1241 1940 pius
1282 1871 1698 1925 commemorat.
1741 1899 1817 1909 —-
1859 1865 2158 1926 Sententia
2196 1872 2403 1941 poetae
2431 1867 2502 1928 de
2527 1867 2642 1928 fine
2668 1885 2876 1928 rerum.
2902 1903 2980 1912 —

1115 1963 1553 2035 Nonnumquam
1593 1960 1858 2022 Lucanus
1899 1962 1970 2022 de
2009 1963 2129 2023 vita
2167 1969 2300 2038 post
2339 1970 2577 2024 mortem
2617 1964 2863 2025 dubitat.
2903 1998 2982 2010 —

1114 2059 1386 2133 Migratio
1441 2058 1666 2118 animae
1722 2059 1995 2133 Pompeii.
2057 2093 2137 2103 —-
2192 2059 2432 2135 Saepius
2493 2048 2645 2121 mors
2707 2079 2981 2122 summum

1116 2156 1326 2214 bonum
1352 2155 1591 2216 videtur.
1615 2189 1689 2201 —
1719 2154 1939 2215 Lucani
1966 2158 2250 2216 sententia
2276 2157 2346 2217 de
2367 2159 2566 2217 mortis
2589 2156 2882 2217 felicitate.
2904 2192 2984 2200 —

1117 2253 1330 2313 Poetae
1379 2252 1664 2311 sententia
1703 2252 1775 2312 de
1814 2258 1996 2313 morte
2039 2254 2378 2314 voluntaria.
2420 2287 2496 2297 -
2539 2253 2859 2314 Conclusio.
2903 2287 2983 2298 —-

1119 2348 1268 2422 Quid
1305 2347 1569 2410 Lucanus
1610 2349 1681 2408 de
1719 2349 1890 2410 rebus
1918 2349 2134 2413 divinis
2175 2355 2234 2409 et
2271 2350 2531 2410 humanis
2572 2351 2831 2411 senserit.

323 2598 434 2659 nors
468 2597 650 2659 amm
820 2561 1098 2631 Constat
1161 2563 1368 2631 etiam
1432 2563 1734 2652 antiquis
1753 2617 1770 2650 ,
1831 2568 1911 2632 ut
1962 2563 2162 2632 nobis
2223 2583 2498 2654 quoque
2560 2571 2701 2632 tam
2749 2565 2985 2634 multis

325 2654 429 2691 ”m
455 2649 648 2725 m⁰m¹¹⁹·
729 2669 1021 2738 saec-ulis
1067 2674 1302 2760 postea
1347 2669 1770 2755 viventibuS‚
1815 2668 2200 2738 maximum
2232 2670 2552 2760 aenigma
2583 2669 2792 2739 fuisse
2826 2691 2987 2739 nos-

726 2780 871 2843 trae
918 2776 1094 2843 vitae
1141 2775 1479 2861 mortaliS‚
1529 2776 1684 2864 quis
1715 2777 1803 2844 sit
1834 2781 2050 2845 status
2082 2776 2447 2845 hominum
2477 2768 2631 2865 post
2662 2782 2983 2846 mortem.

726 2881 810 2949 Et
869 2882 1072 2950 multi
1130 2881 1475 2969 homineS‚
1531 2882 1617 2950 de
1663 2882 1776 2950 die
1822 2883 1897 2950 in
1942 2881 2126 2951 diem
2174 2883 2507 2969 viventeS‚
2559 2903 2983 2972 quamquam

722 2988 862 3057 iere
909 2988 1211 3076 quotidie
1260 2990 1504 3078 aliquis
1554 2994 1884 3079 cognatus
1930 2994 2050 3058 aut
2094 2989 2360 3058 amicus
2407 2994 2526 3059 aut
2556 2989 2913 3058 familiaris
2947 3011 2989 3059 a

723 3114 924 3163 saeva
977 3100 1196 3163 morte
1245 3095 1559 3184 eripitur,
1607 3095 1791 3163 hanc
1836 3096 2310 3184 quaestionem
2356 3100 2500 3163 tam
2544 3101 2985 3185 praesentem

722 3221 968 3291 parurn
1018 3221 1259 3271 curare
1306 3201 1657 3270 videntur:
1725 3202 1941 3270 immo
1987 3201 2508 3270 stomachantur
2554 3201 2759 3270 alicui
2806 3200 2987 3271 hanc

722 3328 872 3376 rem
942 3308 1383 3398 proponenti,
1467 3308 1884 3376 sententiam
1952 3306 2217 3375 Horatii
2287 3306 2692 3396 probantes:
2769 3308 2982 3396 „quid

728 3433 876 3482 cras
921 3413 1233 3483 futurum
1279 3414 1399 3498 sit,
1448 3413 1606 3502 fuge
1654 3414 2052 3502 quaerere.’'

812 3519 1039 3588 Etiam
1087 3520 1352 3588 Lucani
1404 3520 1763 3608 aequaleS,
1825 3520 2104 3588 miseria
2150 3525 2216 3589 et
2263 3520 2544 3589 saevitia
2590 3525 2984 3609 temporum

726 3626 986 3713 obruti,
1048 3626 1290 3694 leviter
1352 3632 1605 3696 statum
1653 3632 1805 3716 post
1851 3632 2147 3696 mortem
2195 3626 2641 3716 contemplati
2689 3645 2836 3693 esse
2884 3627 2984 3692 vi-

726 3733 1003 3818 dentur,
1052 3738 1224 3803 teste
1272 3733 1535 3819 Tacit0‚
1569 3732 1822 3818 Plinio,
1859 3733 2186 3802 Suetonio
2227 3730 2545 3820 aliisque;
2580 3751 2744 3799 nam
2778 3731 2986 3799 ratio-

727 3839 1140 3908 cinabantur
1188 3844 1306 3908 aut
1351 3844 1504 3928 post
1545 3844 1838 3907 mortem
1870 3839 2043 3907 nihil
2075 3859 2224 3907 esse
2242 3892 2259 3925 ‚
2295 3837 2514 3927 quod,
2550 3838 2610 3906 si
2646 3837 2743 3905 ita
2775 3842 2983 3916 esset,

728 3947 922 4035 quies
985 3946 1329 4016 malorum
1389 3946 1474 4014 iis
1535 3945 1922 4033 videbatur,
1989 3950 2109 4014 aut
2170 3945 2381 4013 vitam
2441 3944 2745 4013 futuram
2802 3948 2986 4013 certe

728 4074 868 4121 non
915 4053 1344 4122 miseriorem
1391 4072 1539 4121 esse
1587 4072 1797 4143 quam
1845 4052 2026 4120 hanc
2072 4057 2486 4121 terrestrem.

328 4187 560 4229 sententiae
587 4186 688 4228 stoi·
822 4158 1033 4227 Stoici
1102 4159 1235 4249 ipsi
1301 4159 1431 4226 hac
1494 4158 1578 4226 de
1640 4179 1715 4226 re
1777 4163 1919 4226 tam
1982 4159 2171 4247 gravi
2235 4158 2416 4226 inter
2461 4177 2534 4224 so
2582 4156 2985 4224 dissensisse

326 4251 464 4282 ⁰⁰¹¹¹m
492 4241 543 4283 ‘¹⁰
563 4243 704 4283 'mm'
732 4265 1069 4335 videntur.
1161 4264 1281 4334 Est
1326 4264 1606 4355 quidem
1654 4264 1904 4355 dogma
1950 4264 2258 4333 Stoicum
2302 4265 2491 4333 hunc
2538 4260 2882 4331 mundum
2914 4265 2979 4329 et

729 4376 951 4442 totum
1014 4372 1415 4442 universum
1480 4371 1854 4461 aliquando
1897 4370 2045 4462 igni
2088 4371 2474 4463 periturum
2520 4388 2704 4459 esse,
2751 4367 2985 4438 Iovem
