3434 5159
1001 957 2000 1045 PROOEMIUM.

440 1352 589 1422 Iam
651 1352 1044 1424 Heraclitus
1105 1351 1191 1419 de
1251 1372 1488 1421 rerum
1550 1358 1804 1422 natura
1865 1354 2327 1422 asseveravit:
2393 1354 2644 1438 „msz

351 1460 476 1540 ῥεῖ”
540 1464 611 1527 et
670 1456 1065 1527 Stoicorum
1128 1456 1382 1546 dogma
1442 1463 1623 1543 erat,
1690 1459 1905 1526 vitam
1955 1459 2421 1527 animantium
2471 1458 2646 1526 nihil

354 1564 544 1633 aliud
594 1584 743 1632 esse
767 1618 784 1651 ‚
824 1564 962 1631 nisi
1007 1568 1416 1652 perpetuam
1459 1583 1825 1652 corporum
1878 1564 2341 1632 mutationem
2364 1616 2381 1648 ‚
2431 1563 2527 1631 ita
2569 1568 2650 1631 ut

354 1689 563 1736 omne
631 1690 882 1758 corpus
952 1688 1037 1736 ex
1108 1668 1515 1737 confusione
1587 1667 1952 1758 (σύγχυσις)
2018 1674 2142 1737 aut
2204 1668 2644 1757 colligatione

355 1772 614 1863 (κρᾶσις)
678 1779 799 1843 aut
850 1774 1316 1863 permixtione
1365 1771 1588 1860 (μῖξις)
1639 1773 1938 1842 aliorum
1988 1792 2361 1862 corporum
2412 1779 2643 1842 ortum

353 1879 440 1945 sit
474 1877 555 1967 1).
648 1878 847 1959 Quod
882 1878 1136 1967 dogma
1181 1878 1525 1966 imprimis
1572 1878 2175 1946 dissertationibus
2223 1878 2646 1946 academicis

355 1984 635 2072 probari
696 1984 997 2052 videtur!
1077 1982 1259 2051 Nam
1322 1983 1490 2072 quid
1554 1983 1744 2051 aliud
1790 2003 2003 2072 quam
2052 1983 2402 2069 confusio,
2451 1983 2649 2051 colli-

356 2088 573 2177 gatio,
645 2089 1017 2178 permixtio
1067 2088 1362 2156 aliorum
1425 2107 1719 2177 operum
1740 2140 1758 2174 ‚
1809 2088 1895 2156 de
1942 2088 2188 2156 eodem
2239 2094 2651 2176 argumento

355 2193 805 2281 scriptorum,
855 2192 1232 2261 videntur?
1304 2191 1539 2279 Quod,
1583 2197 1729 2261 tam
1762 2192 2001 2261 multis
2033 2193 2650 2282 praecedentibuS,

356 2316 578 2386 paene
623 2299 1095 2367 necessarium
1129 2303 1250 2365 est.
1316 2295 1497 2365 Nam
1533 2297 1742 2366 alicui
1775 2317 2030 2365 novam
2064 2298 2432 2366 materiam
2469 2303 2649 2365 trac-

358 2403 646 2470 tandam
701 2404 1105 2492 quaerenti,
1153 2421 1297 2471 non
1344 2402 1545 2470 facile
1594 2407 1696 2471 est
1742 2403 2095 2487 invenire,
2145 2423 2375 2492 neque
2421 2403 2495 2470 in
2543 2403 2653 2470 lit-

358 2507 523 2575 teris
571 2508 909 2595 classicis,
961 2528 1190 2597 neque
1236 2508 1311 2575 in
1361 2507 1497 2575 alia
1544 2508 1935 2597 disciplina.
2014 2507 2152 2575 Sed
2185 2506 2412 2576 adhuc
2437 2528 2648 2576 nemo

361 2632 644 2700 operam
704 2613 1157 2702 praecipuam
1220 2618 1289 2680 et
1348 2613 1701 2702 propriam
1765 2613 1839 2679 in
1899 2612 2166 2681 Lucani
2227 2614 2651 2681 sententiam

361 2718 448 2785 de
491 2718 701 2787 rebus
748 2718 1000 2787 divinis
1032 2718 1590 2808 investigandam
1622 2718 1923 2786 navavit.
1958 2717 2296 2787 Nonnulli
2329 2724 2652 2787 auctores

363 2822 645 2911 quidem
694 2842 978 2911 operam
1027 2829 1095 2891 et
1142 2823 1377 2892 oleum
1423 2862 1514 2872 —
1559 2843 1703 2891 non
1753 2821 2208 2912 perdiderunt
2257 2828 2478 2909 certe,
2529 2823 2653 2891 sed

364 2933 946 3016 consumpserunt
1007 2929 1083 2995 in
1148 2929 1290 2996 vita
1353 2934 1422 2996 et
1467 2928 1744 3017 scriptis
1792 2928 2058 2996 Lucani
2108 2928 2539 3017 exponendis
2569 2929 2651 3016 2),

364 3032 483 3100 alii
550 3032 624 3098 in
696 3031 832 3100 fide
904 3032 1268 3118 historica,
1333 3033 1681 3101 sententia
1743 3033 1829 3100 de
1890 3032 2281 3121 republica,
2346 3032 2654 3101 fontibus

366 3138 515 3205 eius
575 3137 905 3205 carminis
966 3137 1381 3227 indagandis
1412 3137 1472 3227 3)
1494 3191 1511 3225 ,
1576 3138 1695 3206 alii
1740 3158 1984 3207 rursus
2032 3141 2116 3205 de
2163 3138 2445 3227 linguae
2492 3156 2653 3226 pro·

377 3426 384 3431 -
451 3386 511 3461 1)
554 3383 639 3445 of.
682 3383 845 3444 Stob.
886 3383 1013 3443 Ecl.
1051 3383 1281 3442 1:376.

447 3482 510 3557 2)
552 3480 626 3539 H.
657 3480 710 3541 G
725 3496 809 3539 en
824 3480 981 3539 the:
1018 3478 1128 3548 „de
1153 3478 1236 3537 M.
1255 3478 1481 3537 Annaei
1499 3476 1722 3536 Lucani
1744 3477 1879 3537 Vita
1902 3482 1962 3536 et
1982 3476 2289 3551 Scripti8.”
2309 3476 2463 3536 Berl.
2487 3482 2660 3537 1859.

446 3576 519 3635 A.
559 3576 884 3636 Preime·
926 3575 998 3634 de
1035 3573 1258 3634 Lucani
1298 3574 1616 3633 Pharsalia.
1696 3573 1979 3646 Marburg
2025 3578 2195 3633 1859.

446 3672 520 3731 D.
559 3672 650 3732 Ni
666 3671 868 3731 sard:
907 3671 1130 3730 Etudes
1170 3687 1272 3730 sur
1308 3670 1392 3729 les
1429 3668 1637 3730 Poetes
1668 3667 1875 3729 Latius
1902 3668 2059 3728 dela
2084 3668 2438 3728 Decadence.
2483 3669 2550 3726 Τ.
2580 3668 2654 3725 11.

368 3785 464 3843 pg.
509 3771 818 3828 73-394,
859 3766 1098 3826 Lucain.

448 3863 521 3922 Η.
564 3862 810 3923 Diels:
853 3862 1073 3923 Seneca
1110 3861 1229 3921 und
1266 3861 1485 3922 Lucan.
1524 3860 1675 3920 Abh.
1715 3860 1865 3919 Κόιι.
1907 3801 2138 3920 Preuss.
2179 3858 2368 3919 Akad.
2416 3864 2587 3919 1885.

453 3963 513 4034 3)
554 3959 610 4019 J.
648 3959 718 4018 A.
761 3959 853 4019 du
889 3957 1205 4018 Mesnil·
1260 3957 1332 4017 (16
1385 3957 1580 4017 Rebus
1621 3955 1990 4015 Pharsalicis.
2070 3955 2222 4015 Berl.
2266 3959 2438 4014 1860.

449 4055 521 4116 A.
562 4056 635 4117 R.
675 4055 1111 4116 Friedrich:
1155 4054 1227 4114 (16
1250 4053 1473 4114 Lucani
1500 4052 1802 4113 Pharsalia
1828 4050 2191 4111 Dissertatio.
2221 4051 2423 4124 Progr.
2451 4050 2657 4126 Gymn.

370 4152 645 4213 Bautzen.
691 4157 803 4211 187
810 4157 867 4212 5.

450 4247 520 4306 A.
574 4247 1037 4308 Schaubach:
1086 4245 1336 4306 Lucan’s
1389 4246 1697 4306 Pharsalia
1748 4242 1800 4304 ὣ
1855 4244 1949 4303 ihr
2001 4242 2362 4303 Verbaltniss
2403 4259 2508 4301 zur
2548 4242 2660 4301 Ge-

371 4343 642 4405 schichte.
698 4343 1053 4418 Meiningen.
1119 4346 1293 4402 1869.

2432 4452 2456 4497 l
