3434 5159
1509 313 1637 383 101

533 562 621 610 an
666 541 755 609 sit
799 541 942 609 vita
987 539 1195 627 nihil,
1245 543 1312 608 et
1355 538 1610 629 longa?
1656 559 1748 607 an
1793 538 2060 608 differat
2111 545 2298 609 aetas
2315 541 2351 607 ‘2

531 667 619 715 an
666 652 913 716 noceat
957 647 1059 715 vis
1105 646 1248 715 ulla
1289 646 1529 714 bono‘?
1575 645 2019 736 Fortunaque
2063 646 2309 736 perdat

530 753 842 844 opposita
888 753 1140 822 virtute
1185 752 1466 820 minas‘?
1514 751 1999 842 laudandaque
2047 752 2219 822 velle

532 859 619 926 sit
665 859 832 927 satis
851 911 870 945 ,
921 864 990 926 et
1036 878 1420 947 numquam
1468 877 1794 928 successu
1843 864 2104 927 crescat
2147 857 2571 928 honestumv

532 965 792 1033 scimus
838 970 904 1032 et
951 965 1123 1035 haec
1168 965 1370 1033 nobis
1415 984 1558 1032 non
1606 964 1809 1034 altius
1855 965 2110 1033 inseret
2158 964 2532 1033 Hammon.

534 1070 899 1140 haeremus
947 1071 1179 1140 cuncti
1225 1071 1528 1160 superiS,
1578 1070 2056 1162 temploque
2103 1076 2429 1141 tacente

537 1177 634 1245 nil
683 1177 954 1269 agimus
999 1178 1135 1246 nisi
1180 1182 1425 1268 sponte
1472 1177 1617 1246 dei:
1668 1198 1800 1247 nec
1847 1178 2131 1249 vocibus
2178 1178 2337 1247 ullis

539 1304 802 1354 numen
850 1289 1037 1375 eget:
1087 1284 1397 1374 dixitque
1443 1285 1658 1353 semel
1704 1285 2150 1355 nascentibus
2197 1288 2437 1355 auctor

536 1391 872 1480 quidquid
919 1391 1095 1459 scire
1140 1390 1337 1459 licet:
1386 1391 1652 1459 steriles
1694 1412 1825 1460 nec
1874 1391 2038 1482 legit
2085 1410 2333 1460 arenas

533 1503 609 1566 ut
657 1502 934 1565 caneret
979 1497 1252 1586 paucis,
1301 1498 1676 1588 mersitque
1723 1499 1855 1567 hoc
1902 1499 2186 1589 pulvere
2229 1517 2510 1567 verum:

536 1609 773 1692 estque
821 1604 933 1672 dei
978 1604 1207 1689 sedeS,
1256 1602 1379 1672 ubi
1424 1610 1608 1673 terra
1655 1610 1724 1672 et
1768 1611 2023 1694 pontus
2070 1610 2139 1673 et
2185 1624 2302 1673 aer

539 1716 605 1778 et
653 1711 923 1779 caelum
970 1715 1038 1778 et
1085 1711 1320 1778 virtuS.
1388 1709 1688 1800 Superos
1736 1712 1903 1801 quid
1950 1712 2349 1802 quaerimus
2393 1708 2623 1779 ultra‘?

536 1816 846 1907 Iuppiter
893 1822 995 1885 est
1039 1816 1525 1906 quodcumque
1570 1817 1796 1905 videS‚
1855 1818 2341 1908 quodcumque
2386 1816 2706 1885 moveris.

538 1924 965 2014 sortilegis
1011 1930 1306 2014 egeant
1353 1924 1584 1994 dubii
1629 1945 2041 2015 semperque
2087 1925 2336 1995 futuris

539 2030 813 2100 casibus
859 2030 1226 2120 ancipites:
1276 2050 1397 2098 me
1446 2050 1601 2099 non
1652 2031 1989 2101 oracula
2037 2037 2388 2119 certum,

536 2136 682 2204 sed
727 2157 944 2206 mors
991 2142 1217 2206 certa
1262 2135 1491 2205 facit.
1538 2138 1787 2227 pavido
1825 2138 2124 2228 fortique
2155 2136 2551 2207 cadendum·
2576 2141 2709 2205 est:

543 2242 673 2312 hoc
718 2244 884 2312 satis
930 2249 1029 2312 est
1077 2243 1331 2312 dixisse
1376 2242 1668 2312 Iovem.”
1701 2244 1760 2333 1>

542 2346 724 2429 Quid
770 2350 1032 2441 igitur‘?
1079 2349 1265 2419 Num
1313 2349 1525 2418 Stoici
1572 2350 1870 2420 oraculis
1917 2351 2125 2420 fidem
2174 2348 2710 2429 abjudicabant?

443 2453 538 2523 At
597 2461 664 2524 et
723 2456 957 2526 multis
1020 2456 1171 2525 aliis
1232 2461 1300 2525 et
1360 2457 1528 2525 locis
1586 2458 1728 2525 iam
1791 2478 2000 2548 supra
2046 2458 2340 2527 laudatis
2387 2460 2706 2547 apparet,

445 2561 706 2631 Stoicos
752 2561 1248 2631 divinationem
1295 2568 1362 2632 et
1408 2563 1685 2633 oracula
1734 2564 2020 2632 maximi
2052 2564 2311 2633 fecisse.
2384 2562 2496 2631 An
2539 2561 2707 2631 Cato

445 2669 575 2737 hac
637 2669 713 2738 in
767 2689 843 2737 re
888 2671 1304 2739 sententiam
1351 2670 1852 2760 Epicureorum
1899 2677 1968 2739 et
2013 2671 2503 2761 scepticorum,
2554 2687 2706 2736 ora-

446 2774 601 2844 cula
668 2777 1264 2845 contemnentium
1283 2830 1300 2860 ,
1370 2783 1647 2847 secutus
1710 2777 1866 2845 est‘?
1948 2777 2129 2859 Quid
2192 2781 2424 2845 autem
2485 2774 2708 2865 magis

444 2881 818 2951 absurdum
883 2888 952 2951 et
995 2882 1367 2952 ridiculum
1423 2881 1593 2974 fingi
1638 2888 1896 2974 potest,
1944 2903 2153 2972 quarn
2202 2882 2318 2950 illa
2364 2882 2699 2971 suspicio,

445 2985 776 3057 Catonem
850 2993 1074 3058 castra
1135 2989 1417 3079 Epicuri
1479 2991 1854 3080 petivisse‘?
1924 2989 2059 3059 Sed
2122 2990 2405 3060 tertium
2465 2988 2701 3058 datur:

441 3114 565 3183 per
623 3100 846 3165 totum
906 3115 1189 3164 carmen
1236 3096 1426 3164 enim
1473 3097 1798 3167 Lucanus
1844 3096 2043 3167 illum
2091 3095 2400 3165 Stoicum
2448 3095 2702 3165 durum

441 3206 510 3268 et
577 3207 930 3271 austerum
999 3203 1099 3270 sic
1169 3202 1511 3294 depingit,
1576 3210 1654 3273 ut
1713 3204 2037 3273 nonnulli
2097 3203 2463 3293 scriptores
2526 3222 2567 3270 a
2627 3222 2702 3271 se

440 3309 937 3397 quaesiverint,
992 3308 1240 3399 ecquid
1288 3308 1456 3379 Cato
1503 3310 1787 3379 fortasse
1833 3316 2190 3399 tamquam
2238 3308 2441 3376 heros
2484 3307 2700 3377 Phar-

438 3414 647 3483 saliae
693 3415 955 3505 primas
994 3420 1222 3505 partes
1264 3421 1449 3507 agat,
1502 3435 1921 3506 carmenque
1954 3416 2042 3484 ad
2075 3435 2237 3485 eum
2268 3413 2699 3484 laudandum

440 3520 830 3591 confectum
898 3521 1005 3590 sit.
1038 3520 1097 3612 2)
1194 3522 1633 3612 Quamquam
1702 3523 1824 3592 illa
1890 3523 2235 3592 sententia
2291 3519 2479 3590 haud
2541 3541 2700 3611 pro-

440 3626 670 3695 banda
719 3627 1017 3715 videtur,
1068 3649 1211 3698 non
1257 3629 1657 3719 negandum
1702 3635 1806 3699 est
1855 3629 2188 3699 Catonem
2234 3648 2275 3697 a
2320 3633 2525 3718 poeta
2554 3627 2700 3696 deis

439 3734 608 3824 ipsis
656 3735 1017 3824 anteponi;
1050 3734 1108 3825 3)
1160 3740 1227 3803 et
1271 3735 1502 3825 paullo
1547 3741 1698 3826 post
1745 3736 1916 3806 illud
1945 3755 2356 3826 responsum
2389 3733 2697 3820 CatoniS,

438 3840 522 3909 de
567 3840 844 3911 oraculo
892 3841 1158 3929 datum,
1209 3841 1547 3911 exclamat
1593 3842 1875 3913 Noster:

612 3968 816 4036 „ecce
863 3968 1112 4039 parens
1156 3968 1359 4019 verus
1404 3950 1667 4040 patriae
1684 4003 1705 4038 ,
1752 3949 2197 4040 dignissimus
2244 3947 2379 4017 aris

519 4204 575 4260 1)
618 4200 819 4260 Phars.
858 4199 981 4259 IX:
1005 4201 1117 4260 566
1148 4215 1233 4272 sq.
1273 4216 1384 4259 vrs.
1416 4202 1530 4259 580
1569 4195 1817 4259 fortasse
1840 4197 1949 4272 leg.
1979 4211 2374 4272 „quocumque
2398 4193 2694 4255 moveris.’'

515 4300 574 4368 2)
617 4295 687 4356 cf.
729 4294 1004 4355 Heitland
1041 4311 1137 4370 pg.
1178 4293 1303 4354 LX.

516 4397 576 4474 3)
594 4390 681 4458 Of.
695 4394 883 4461 locum
893 4393 1009 4457 iam
1020 4390 1309 4458 laudatum
1323 4409 1337 4458 z
1351 4391 1595 4470 „victrix
1608 4406 1781 4456 causa
1789 4389 1909 4454 deis
1915 4390 2150 4470 placuit,
2159 4387 2423 4452 sedvicta
2430 4386 2693 4454 catoni-’²
