3434 5159
1838 305 1928 373 26

335 556 569 701 ἓῖιῇρρέἑ
564 555 716 650 ‘22⁰⁰‘
832 535 968 605 Sed
1029 558 1155 608 cur
1212 540 1496 608 tandem
1555 540 1720 609 deos
1782 539 2176 630 olympicos
2221 543 2415 610 omni
2460 544 2767 630 potentia
2814 544 3019 613 abiu-

336 660 414 700 aa
419 660 513 701 iueb
743 642 1002 729 dicata,
1067 663 1599 734 nonnumquam
1662 646 1977 714 adhibuit
2035 646 2290 733 poeta‘I
2355 646 2609 715 Omnia
2665 649 3015 735 carmina,

742 745 831 813 ab
877 746 1105 815 Ennio
1134 768 1356 836 usque
1388 751 1475 817 ad
1506 749 1871 819 Lucanum
1903 750 2193 838 scripta,
2228 749 2375 818 deis
2407 751 2734 819 fabulosis
2764 752 3017 821 referta

742 857 938 937 sunt,
996 852 1166 941 quin
1212 853 1286 920 in
1334 854 1762 922 carminibus
1809 854 2021 942 epicis
2042 906 2061 940 ,
2108 859 2186 923 ut
2231 855 2308 921 in
2354 854 2702 941 Aeneide,
2750 856 3013 944 primas

741 959 969 1041 partes
1031 962 1265 1045 agunt.
1359 957 1506 1025 Hac
1564 959 1640 1024 in
1700 977 1776 1025 re
1838 964 2073 1026 autem
2130 957 2246 1026 ille
2292 958 2564 1026 iuvenis
2608 959 2724 1026 vix
2767 960 3015 1049 viginti

742 1078 1087 1128 annorum
1132 1060 1330 1128 valde
1375 1061 1824 1131 admirandus
1871 1068 2005 1148 est,
2057 1063 2243 1150 quod
2290 1068 2433 1130 non
2465 1063 2793 1131 dubitans
2821 1083 3014 1133 rece-

742 1162 904 1230 dere
969 1183 1010 1230 a
1077 1165 1345 1233 ratione
1404 1168 1630 1254 poesis
1691 1167 1929 1254 epicae
1989 1167 2276 1254 tradita,
2343 1186 2481 1256 qua
2543 1167 2886 1237 Homerus
2948 1173 3019 1236 et

743 1266 1081 1355 Vergilius
1127 1268 1418 1357 gloriam
1464 1276 1819 1338 aeternam
1867 1271 2098 1359 adepti
2129 1276 2362 1349 erant,
2397 1271 2724 1339 audacter
2753 1290 3016 1340 novum

742 1392 960 1460 genus
992 1373 1218 1460 poesis
1248 1393 1550 1462 pangere
1582 1394 1793 1444 ausus
1817 1376 1924 1443 sit.
1958 1375 2137 1443 Deos
2170 1375 2454 1464 quidem
2477 1376 2883 1464 saepissime
2903 1376 3014 1444 in-

742 1475 965 1562 ducit,
1035 1477 1158 1544 sed
1226 1483 1613 1566 „quantum
1673 1484 1973 1548 mutatos
2035 1480 2122 1547 ab
2183 1479 2362 1547 illis'’
2428 1480 2515 1548 ab
2577 1479 2880 1548 Homero
2944 1486 3019 1550 et

741 1579 1038 1668 Vergilio
1101 1580 1496 1651 celebratis!
1578 1583 1686 1650 Illi
1748 1584 1935 1672 apud
1980 1583 2395 1651 Maeoniden
2442 1603 2569 1652 suo
2614 1585 3017 1653 interventu

742 1683 1057 1752 homines
1120 1691 1399 1773 curant,
1460 1692 1528 1755 et
1574 1688 1916 1777 dirigunt,
1962 1689 2098 1776 ipsi
2143 1692 2418 1756 tantum
2465 1707 2605 1756 non
2654 1687 3017 1757 affectibus

742 1786 1066 1857 humanis
1140 1791 1469 1878 praediti3
1552 1793 2056 1881 conloquunter
2124 1812 2285 1860 cum
2347 1792 2778 1879 hominibUS,
2833 1793 3018 1861 inter

740 1910 815 1957 se
874 1893 1191 1963 rixantur
1249 1900 1316 1962 et
1385 1897 1865 1964 conviciantur
1880 1949 1897 1981 ,
1959 1896 2369 1965 mortalibus
2416 1895 2754 1966 auxilium
2799 1896 3010 1966 laturi

743 2013 936 2062 arma
981 1997 1318 2085 induunt,
1364 2019 1439 2067 se
1483 2000 1786 2068 invicem
1833 2000 2117 2086 fallunt,
2165 2001 2464 2068 victimis
2513 2000 3013 2087 conciliantur,

739 2098 1031 2167 iniurias
1112 2102 1544 2173 ulciscuntur
1563 2157 1580 2190 ,
1663 2104 1915 2173 itinera
1981 2105 2279 2192 faciunt,
2350 2105 2594 2172 domos
2663 2104 3012 2189 habitant,

741 2203 963 2290 epulis
1024 2205 1484 2294 delectantur,
1548 2248 1627 2259 —
1677 2210 1846 2298 quid
1892 2210 2164 2278 multa‘?
2256 2208 2562 2278 Omnino
2610 2210 3015 2296 „hominem

692 2319 693 2324 ’
739 2310 1033 2376 sonant”
1081 2315 1150 2378 et
1197 2314 1601 2383 mortalibus
1648 2314 1855 2403 plane
1901 2315 2164 2383 similes
2207 2318 2392 2382 sunt.

828 2409 975 2481 Nec
1055 2414 1282 2485 bonus
1358 2424 1426 2486 et
1506 2420 1665 2508 pius
1749 2418 2092 2508 Vergilius
2176 2418 2375 2486 aliter
2462 2417 2626 2485 deos
2694 2415 3013 2505 vulgares

742 2515 875 2585 sibi
942 2515 1203 2608 fingere
1271 2527 1575 2609 poterat,
1641 2543 2068 2611 quamquam
2133 2522 2508 2591 admodum
2573 2520 2973 2589 dubitamus
2994 2573 3014 2608 ,

743 2640 916 2690 num
984 2643 1226 2692 revera
1292 2624 1634 2695 Iunonem
1703 2626 2001 2696 Aeolum
2073 2627 2324 2694 adiisse
2391 2631 2598 2715 atque
2660 2629 3014 2713 precatam

744 2744 893 2793 esse
915 2779 933 2813 ,
981 2728 1325 2798 Venerem
1371 2730 1513 2799 filio
1560 2751 1635 2799 se
1683 2731 2051 2817 obtulisse,
2101 2732 2335 2799 Iovem
2378 2729 2595 2800 filiam
2625 2729 3015 2798 osculatum

743 2833 811 2896 et
857 2832 1289 2902 consolatum
1336 2855 1487 2903 esse
1534 2836 1938 2904 crediderit!
1988 2835 2080 2903 At
2110 2854 2263 2904 mos
2295 2840 2442 2903 erat
2473 2836 2549 2903 in
2581 2832 3012 2903 carminibus

742 2934 957 3022 epicis
1003 2936 1170 3004 deos
1214 2939 1756 3007 intervenientes
1801 2940 2133 3010 inducere
2183 2977 2266 2989 —
2315 2959 2478 3029 ergo
2522 2938 2810 3007 inducit.
2877 2936 3015 3005 Sed

744 3038 913 3106 haec
981 3043 1217 3109 omnia
1283 3045 1713 3132 temporibus
1782 3046 2314 3134 antiquissimiS,
2384 3045 2507 3114 ubi
2577 3043 2663 3111 de
2715 3043 3014 3110 incuna-

743 3141 924 3212 bulis
985 3147 1258 3234 generis
1318 3148 1610 3216 humani
1672 3150 1931 3238 agitur,
1996 3151 2163 3218 satis
2216 3149 2531 3239 placent,
2581 3146 3013 3235 temporibus

743 3248 1031 3317 excultis
1099 3253 1610 3341 quodammodo
1680 3253 2050 3322 artificiosa
2116 3254 2457 3323 videntur.
2526 3252 2739 3320 Poeta
2776 3257 3012 3318 noster

742 3358 974 3421 autem
1041 3356 1198 3445 plus
1265 3359 1579 3446 sapiebat
1638 3359 2026 3447 meliusque
2070 3358 2408 3427 iudicium
2453 3356 2754 3425 habebat
2799 3376 3012 3444 quam

743 3462 818 3524 ut
887 3461 1270 3530 ministeria
1316 3462 1562 3532 talium
1610 3464 1901 3533 deorum
1949 3463 2327 3531 adhiberet.
2404 3462 2639 3531 Primo
2685 3462 2876 3529 enim
2923 3461 3012 3529 iis

741 3562 888 3632 deis
955 3564 1165 3633 fidem
1237 3589 1379 3636 non
1442 3569 1853 3654 adhibebat,
1917 3568 2224 3636 secundo
2285 3573 2520 3637 autem
2565 3565 3014 3655 intellegebat

740 3673 1237 3760 perridiculum
1322 3675 1636 3744 futurum
1720 3694 1871 3767 esse
1954 3673 2256 3758 Iunone,
2338 3671 2651 3740 Minerva
2719 3670 3013 3757 aliisque

741 3777 888 3846 deis
927 3780 1263 3865 inductiS,
1315 3782 1373 3847 si
1406 3800 1568 3848 cum
1603 3780 1747 3847 avis
1779 3799 2065 3847 suorum
2099 3776 2494 3867 aequalium
2525 3774 3010 3863 loquerentur!

743 3882 920 3951 Deos
968 3884 1293 3953 heroibus
1340 3884 1670 3953 fabulosis
1717 3883 2053 3954 auxilium
2100 3883 2312 3963 ferre,
2358 3901 2433 3949 se
2481 3880 2770 3948 miscere
2801 3879 3013 3946 rebus

742 3995 902 4056 ante
941 3991 1162 4060 multa
1208 3990 1486 4059 saecula
1532 3995 1651 4059 aut
1695 3990 1772 4057 in
1823 3990 2023 4057 terris
2070 3988 2271 4076 longe
2318 3986 2604 4053 remotis
2648 3983 2858 4073 gestis
2890 3988 3012 4051 aut

743 4099 1065 4163 naturam
1152 4096 1534 4164 humanam
1618 4093 2149 4178 excedentibuS,
2221 4092 2392 4159 haec
2460 4088 2697 4156 omnia
2762 4086 3012 4175 vulgus

742 4199 1123 4286 delectant,
1172 4207 1240 4268 et
1287 4206 1470 4268 certe
1517 4199 1958 4288 aliquomodo
2005 4195 2406 4265 verisimilia
2449 4193 2668 4261 videri
2697 4197 3011 4281 possunt.

740 4306 854 4375 Sic
916 4305 1102 4398 apud
1147 4304 1502 4376 Valerium
1547 4304 1876 4377 Flaccum
1920 4303 2354 4372 interventus
2397 4299 2689 4369 deorum
2702 4348 2722 4383 ,
2774 4296 3009 4378 aliqua
