3434 5159
1820 344 1914 414 66

814 569 959 641 sive
1005 570 1191 640 canit
1234 566 1453 639 fatum
1470 623 1488 655 ,
1535 586 1661 636 seu
1708 568 1893 656 quod
1939 567 2133 637 iubet
2180 566 2294 634 ille
2342 567 2658 638 canendo

814 676 891 745 fit
934 676 1220 745 fatum.''
1257 674 1316 759 1)

814 780 1082 862 Quibus
1127 779 1355 848 verbis
1400 777 1576 845 nihil
1625 777 1877 845 clarius
1925 782 2147 866 potest
2196 777 2563 846 ostendere
2594 783 2837 866 poetae
2871 778 3002 846 du-

721 885 1126 954 bitationem
1148 937 1165 970 ,
1235 903 1410 952 num
1469 883 1691 952 satum
1754 902 1792 948 e
1852 881 1995 949 Deo
2056 881 2376 970 pendeat.
2470 880 2658 950 Alibi
2721 888 2965 949 contra
2985 934 3003 965 ,

721 990 1035 1059 doctrina
1103 988 1335 1057 Stoica
1404 993 1472 1055 et
1540 984 1883 1076 Epicurea
1945 986 2029 1054 de
2092 985 2342 1054 mundi
2403 985 3004 1054 administratione

720 1095 904 1162 inter
947 1113 1022 1164 se
1069 1093 1401 1182 oppositis
1421 1143 1439 1177 ‚
1488 1110 1899 1180 persuasum
1947 1090 2205 1158 habere
2252 1090 2555 1177 videtur,
2601 1090 2824 1159 Deum
2858 1092 3004 1159 sive

717 1218 955 1267 rerum
1017 1197 1443 1267 conditorem
1462 1248 1478 1281 ‚
1545 1196 1756 1263 etiam
1817 1190 2039 1263 fatum
2100 1196 2332 1283 ipsum
2386 1194 2743 1263 ordinasse
2762 1248 2780 1279 ,
2827 1214 2996 1261 nam

716 1304 821 1370 sic
868 1303 1152 1371 alteram
1203 1321 1289 1368 ex
1335 1300 1607 1368 duabus
1653 1299 2232 1368 alternationibus
2279 1300 2640 1388 exprimit:

805 1407 1012 1494 „Sive
1057 1426 1311 1495 parens
1355 1424 1594 1472 rerum
1613 1456 1630 1489 ,
1681 1423 1843 1472 cum
1891 1404 2198 1492 primum
2243 1403 2568 1471 informia
2616 1423 2832 1492 regna

809 1512 1310 1600 materiemque
1356 1510 1602 1578 rudem
1651 1508 1938 1578 flamma
1987 1510 2275 1577 cedente
2319 1512 2615 1599 recepit,

803 1614 953 1684 fixit
995 1617 1073 1684 in
1120 1622 1484 1684 aeternum
1532 1634 1776 1683 causas
1798 1667 1815 1696 ‚
1866 1635 2005 1703 qua
2051 1621 2304 1683 cuncta
2351 1621 2620 1683 coercet

801 1740 876 1788 se
923 1740 1199 1809 quoque
1244 1720 1395 1810 lege
1440 1725 1689 1787 tenens
1708 1771 1726 1804 ,
1779 1725 1847 1788 et
1892 1720 2170 1788 saecula
2215 1720 2404 1788 iussa
2450 1721 2788 1789 ferentem

801 1824 1101 1892 fatorum
1147 1825 1436 1891 immoto
1484 1825 1715 1891 divisit
1760 1824 1980 1891 limite
2027 1825 2440 1893 mundum.’'
2473 1825 2532 1913 2)

804 1928 984 1997 Satis
1045 1929 1350 1996 notabile
1412 1929 1537 1995 hos
1593 1947 1834 1996 versus
1880 1948 2163 2016 prorsus
2211 1930 2582 1997 convenire
2632 1949 2792 1997 cum
2840 1950 2995 1997 ver-

720 2032 828 2101 bis
875 2032 1215 2116 Senecae,
1268 2052 1352 2098 ex
1398 2033 1624 2121 primo
1672 2031 1942 2121 dialogo
1990 2053 2202 2121 supra
2246 2033 2564 2101 laudatis,

805 2136 1034 2204 Etiam
1083 2136 1233 2204 aliis
1281 2136 1448 2205 locis
1494 2137 1710 2205 fatum
1760 2135 1904 2203 Deo
1952 2137 2096 2204 sive
2143 2135 2288 2204 Iovi
2334 2137 2651 2206 subicere
2699 2138 2993 2206 videtur.

716 2240 896 2308 Nam
961 2239 1145 2309 filius
1192 2239 1556 2328 Pompeii,
1619 2241 1801 2308 tristi
1862 2246 2083 2308 morte
2128 2241 2343 2330 patris
2389 2247 2706 2326 narrata,
2756 2249 2994 2331 aperte

722 2344 887 2413 deos
934 2344 1022 2413 ob
1070 2345 1288 2413 fatum
1336 2346 1677 2413 iniustum
1727 2344 2107 2463 culpandos
2154 2350 2370 2434 putat.

1250 2447 1796 2536 „Quaecumque
1841 2448 2101 2517 iniuria
2146 2448 2268 2517 fati

845 2552 1127 2622 abstulit
1172 2553 1300 2621 hos
1345 2558 1569 2636 ὅπως,
1621 2553 1892 2641 superis
1936 2552 2110 2620 haec
2156 2553 2452 2621 crimina
2497 2553 2744 2620 ᾶοηο.”
2778 2553 2838 2641 3)

799 2655 951 2725 Nisi
1020 2660 1254 2725 autem
1323 2657 1435 2724 dei
1503 2656 1723 2724 fatum
1793 2656 2153 2743 ordinant,
2230 2658 2576 2745 quomodo
2637 2658 2722 2725 iis
2783 2658 2990 2725 irasci

711 2765 937 2848 potest
979 2760 1187 2828 homo
1207 2761 1243 2828 ‘i

803 2864 888 2931 Et
932 2865 1280 2954 pathetice
1325 2870 1531 2953 poeta
1576 2864 2005 2934 Thessaliam
2052 2871 2280 2956 rogat:

1317 3022 1332 3038 .
1381 2990 1564 3058 „quo
1610 2975 1805 3039 tanto
1854 2971 2146 3039 crimine
2193 2910 2398 3041 tellus

976 3022 1237 3143 laesisti
1282 3096 1610 3165 superoS,
1656 3081 1735 3144 ut
1780 3081 1849 3143 te
1894 3081 1996 3144 tot
2042 3076 2381 3146 mortibus
2426 3096 2676 3162 unam,

981 3185 1080 3248 tot
1126 3180 1468 3250 scelerum
1514 3180 1671 3249 fatis
1717 3186 2114 3269 premerent
2131 3182 2210 3247 ‘2²’
2244 3180 2304 3269 4)

803 3283 904 3350 Ex
950 3285 1102 3354 aliis
1148 3286 1461 3354 versibus
1507 3284 1650 3352 fere
1696 3284 2166 3370 efficeremUS,
2217 3285 2380 3353 deos
2427 3291 2837 3374 potestatem
2868 3285 2991 3352 fati

717 3389 1035 3457 mutandi
1079 3389 1368 3476 habere3
1419 3409 1585 3458 nam

1238 3494 1561 3580 „domitis
1611 3493 1864 3563 Caesar
1907 3495 2266 3563 remeabat
2311 3495 2587 3563 Hiberis
2605 3547 2623 3580 ‚

977 3597 1291 3665 victrices
1338 3598 1605 3685 aquilas
1653 3597 1869 3666 alium
1916 3597 2182 3667 laturus
2228 3600 2304 3667 in
2352 3599 2628 3667 orbem:

976 3718 1137 3768 cum
1183 3720 1399 3789 prope
1444 3701 1741 3770 fatorum
1789 3707 2016 3786 tantos
2062 3722 2187 3792 per
2234 3723 2561 3792 prospera
2610 3722 2854 3771 cursus

978 3809 1287 3872 avertere
1334 3804 1512 3872 dei.'’
1546 3804 1604 3894 ⁵)

801 3906 889 3975 Et
919 3906 1172 3977 Caesar
1203 3908 1699 3980 contumeliose
1730 3929 1892 3979 suos
1925 3910 2180 3979 milites
2210 3910 2569 3983 seditiosos
2593 3913 2695 3981 sic
2718 3915 2991 3979 monet:

794 4151 860 4222 1).
892 4148 1095 4208 Phars.
1137 4148 1230 4207 V:
1254 4153 1328 4207 88
1358 4165 1445 4223 sq.

791 4247 852 4317 2)
973 4286 1011 4315 ‚‚
1143 4242 1201 4300 11
1225 4269 1238 4301 =
1266 4248 1296 4302 7
1329 4260 1415 4315 sq.
1819 4245 1878 4316 3)
1916 4242 2116 4304 Phara.
2156 4244 2282 4305 IX:
2309 4247 2562 4306 143-4.

790 4342 853 4413 4)
973 4379 1007 4410 ,,
1140 4337 1448 4397 V11=847.
1819 4338 1880 4410 5)
2001 4381 2035 4408 ,,
2164 4338 2252 4398 V:
2279 4343 2415 4400 237.
