3434 5159
1821 285 1868 353 8

802 504 1097 574 Caesare
1144 505 1409 584 Italiam
1461 506 1868 575 invadente:

1120 665 1134 678 .
1230 664 1244 678 .
1306 610 1492 698 „Seu
1538 614 1787 700 sponte
1834 609 2075 698 deum,
2123 631 2249 681 seu
2277 611 2615 681 turbidus
2663 610 2915 679 Auster

890 716 1297 804 impulerat,
1345 722 1685 800 maestam
1705 724 1710 728 ’
1732 720 2108 785 tenuerunt
2159 716 2403 785 nubila
2449 716 2745 785 lucem.’'
2782 715 2837 804 1)

804 818 1141 909 Olympus
1188 826 1422 890 autem
1469 821 1740 907 „nubes
1787 821 2057 890 excedit
2102 821 2253 911 lege
2301 821 2579 890 deum.''
2613 822 2673 909 2)

802 925 904 994 De
975 946 1187 997 causa
1256 926 1602 996 disserens
1623 980 1642 1013 ,
1725 946 1864 1015 qua
1931 927 2211 1016 Belgica
2277 926 2486 995 modo
2556 947 2597 995 a
2667 925 2994 996 fluctibus

716 1031 1085 1118 obruatur,
1133 1032 1341 1101 modo
1388 1032 1837 1118 destituatur,
1886 1030 2053 1100 dicit
2098 1036 2337 1121 poeta:

1256 1190 1270 1205 .
1593 1190 1606 1205 .
1655 1141 1776 1224 „at
1818 1135 1994 1204 mihi
2040 1155 2316 1227 semper

808 1247 921 1330 tu,
969 1261 1453 1332 quaecumque
1499 1263 1739 1311 moves
1784 1247 1928 1310 tam
1978 1241 2256 1311 crebros
2301 1261 2511 1311 causa
2556 1247 2863 1329 meatus,
2919 1250 2997 1311 ut

780 1349 1042 1436 ‚superi
1087 1347 1404 1433 voluere,
1451 1348 1654 1418 late''.
1689 1347 1751 1438 ³)

311 1475 385 1516 nei
406 1485 472 1515 res
494 1472 693 1514 humanas
807 1451 945 1521 Sed
978 1453 1187 1522 etiam
1218 1454 1294 1521 in
1325 1453 1537 1523 rebus
1559 1453 1889 1525 humanis
1914 1453 2028 1521 dei
2053 1454 2354 1522 multum
2379 1453 2643 1539 valent,
2676 1445 2996 1522 homines

312 1527 554 1580 ‘mmm
720 1564 903 1626 certe
947 1577 1360 1647 persuasum
1410 1559 1669 1627 habent
1716 1559 1955 1627 omnia
2001 1578 2244 1627 eorum
2290 1563 2469 1627 nutu
2523 1556 2695 1628 fieri.
2789 1558 2996 1627 Pom-

719 1664 917 1752 peius
978 1664 1359 1752 imprimis,
1424 1663 1635 1731 homo
1688 1664 1849 1753 pius
1896 1669 1965 1731 at
2013 1663 2259 1748 miser,
2310 1662 2601 1731 deorum
2646 1664 2996 1751 potentiae

720 1773 789 1836 et
825 1769 1127 1837 iustitiae
1162 1768 1411 1854 credit,
1450 1788 1620 1837 nam
1658 1773 1820 1837 ante
1861 1788 2171 1858 pugnam
2204 1767 2677 1836 Pharsalicam
2708 1767 2993 1852 initam,
3061 1779 3064 1780 ’

721 1873 978 1943 milites
1023 1873 1123 1942 sic
1170 1873 1576 1962 alloquitur:

1240 2030 1256 2047 .
1304 1978 1580 2065 „medio
1627 1979 1859 2067 posuit
1905 1977 2075 2047 deus
2125 1978 2361 2045 omnia
2408 1996 2694 2066 campo,

901 2104 1109 2154 causa
1153 2084 1348 2154 iubet
1393 2084 1639 2153 melior
1683 2104 1970 2173 superos
2017 2103 2296 2173 sperare
2343 2081 2727 2152 secundos”
2760 2081 2820 2170 4)

723 2194 793 2257 et
851 2190 993 2258 iam
1059 2195 1296 2277 antea,
1344 2189 1799 2259 Brundisium
1842 2189 2210 2275 recedens,
2260 2188 2536 2278 gavisus
2583 2192 2730 2256 erat
2776 2188 2958 2276 quod
2976 2240 2994 2273 ,

722 2296 911 2386 prior
954 2295 1213 2365 iniuria
1253 2295 1537 2365 affectus
1555 2348 1573 2384 ,
1607 2294 1897 2365 deorum
1929 2294 2160 2364 favore
2192 2293 2632 2363 innocentior
2663 2293 2752 2361 sit
2785 2312 2997 2381 quam

727 2399 1009 2489 Caesar3
1059 2422 1260 2470 nam:

861 2506 977 2592 „di
1022 2506 1305 2591 meliuS,
1356 2504 1523 2577 belli
1564 2505 1855 2575 tulimus
1902 2505 2090 2596 quod
2137 2498 2395 2575 damna
2440 2504 2770 2596 priores.”
2803 2502 2880 2591 5)·

816 2610 1227 2700 Pompeium
1274 2611 1470 2680 foede
1518 2612 1827 2681 occisum
1874 2617 2081 2701 atque
2112 2611 2591 2697 inhumatum,
2625 2610 2727 2678 sic
2758 2609 3001 2698 pathe-

726 2715 862 2784 tice
908 2715 1283 2803 alloquitur
1327 2721 1558 2806 poeta:

949 2820 1282 2908 „forsitan
1330 2827 1449 2891 aut
1495 2822 1687 2891 sulco
1734 2822 1950 2890 sterili
1999 2843 2162 2891 cum
2207 2841 2494 2911 poscere
2542 2819 2758 2889 finem

955 2945 995 2993 a
1041 2928 1345 3015 superis,
1397 2932 1515 2995 aut
1561 2927 1788 2995 Roma
1832 2927 2014 2994 volet
2060 2927 2389 2996 feralibus
2437 2925 2710 2995 Austris

951 3030 1232 3120 ignibus
1281 3037 1400 3101 aut
1446 3031 1716 3117 nimiiS,
1770 3037 1890 3100 aut
1935 3037 2160 3101 terrae
2205 3037 2387 3101 tecta
2436 3032 2781 3117 moventi,

956 3136 1242 3205 consilio
1289 3138 1623 3226 iussuque
1669 3137 1883 3207 deum
1928 3138 2258 3207 transibis
2302 3138 2377 3205 in
2425 3136 2673 3206 urbem
2691 3188 2709 3223 ,

960 3240 1244 3331 Magne,
1291 3242 1554 3311 tuam.”
1587 3242 1646 3333 ⁶)
1802 3240 1807 3246 ’

821 3346 950 3415 Dei
1013 3366 1127 3415 res
1184 3348 1531 3443 humanas
1591 3353 1879 3439 regunt,
1953 3367 2119 3417 nam
2182 3347 2329 3417 dies
2393 3347 2679 3436 quidam
2740 3347 3012 3435 superis

734 3451 994 3540 placuit
1024 3452 1119 3539 ⁷),
1171 3452 1508 3542 alibique:

1097 3610 1111 3625 .
1316 3610 1331 3625 .
1427 3611 1442 3626 .
1492 3557 1817 3645 „Latium
1862 3558 1965 3627 sic
2008 3558 2325 3627 scindere
2372 3577 2622 3646 corpus

1093 3661 1200 3730 dis
1245 3663 1622 3751 placitum'’
1655 3662 1738 3753 8).

826 3766 1177 3855 Vulteius,
1240 3768 1494 3837 milites
1555 3769 1929 3837 adhortans
1951 3820 1969 3856 ,
2040 3767 2332 3836 minime
2378 3766 2464 3842 de
2512 3766 2659 3835 deis
2706 3766 2976 3836 dubitat
2993 3789 3011 3854 ;

738 3890 938 3940 nam:

822 4038 880 4109 1)
921 4035 1122 4094 Phara
1163 4033 1509 4094 1:234—5.
1790 4034 1854 4110 2)
1895 4033 2098 4093 Phars.
2138 4031 2233 4091 II:
2265 4035 2521 4091 271-2.

821 4131 884 4207 3)
1009 4173 1043 4199 „
1173 4129 1556 4188 1:417-19.
1795 4132 1857 4203 4)
1984 4171 2018 4200 ,,
2153 4127 2578 4187 V112348—9.

821 4226 885 4302 5)
1008 4268 1042 4296 „
1169 4224 1427 4283 11:537.
1802 4227 1864 4298 6)
1988 4266 2019 4301 ‚‚
2150 4223 2649 4284 maccio-50.

824 4322 886 4401 7)
1008 4363 1045 4397 „
1173 4318 1486 4382 Vllzaae.
1808 4320 1871 4399 8)
1995 4362 2026 4397 ‚‚
2158 4318 2420 4381 x=416.
