3434 5159
1488 348 1616 443 109

502 604 630 671 'aut
677 601 1003 691 cuiquam
1049 599 1315 690 genitos
1330 651 1349 685 ‚
1397 597 1535 665 nisi
1582 595 1774 664 coelo
1792 649 1811 683 ‚
1860 595 2137 666 credere
2183 595 2284 665 fas
2329 601 2432 666 est

513 697 664 776 esse
706 707 1027 776 homines
1046 704 1121 774 ‘l'’
1168 709 1297 774 etc.
1329 703 1387 793 1)

513 814 778 883 Lucani
849 810 1252 902 aequalibus
1320 810 1532 901 igitur
1597 829 1880 898 prorsus
1938 810 2121 877 inter
2179 829 2253 877 se
2315 809 2400 877 de
2460 814 2680 877 morte
2708 826 2895 920 taalenu·
2966 835 3059 887 emp

424 918 989 988 dissentientibus
1008 971 1026 1005 ,
1086 923 1307 1007 poeta
1381 936 1655 1005 quoque
1726 915 1931 1005 plane
1998 915 2312 984 dubitare
2380 915 2679 1001 videtur,
2707 889 3087 974 ἷῖῗιὲἶιιιῗωωη

429 1026 621 1095 iuxta
667 1025 1082 1094 sententiam
1132 1022 1680 1113 philosophicam
1728 1022 2128 1110 saepissime
2176 1022 2501 1111 opinione
2540 1022 2686 1090 vul-

425 1137 570 1224 gari
602 1132 894 1222 prolata;
930 1132 1139 1200 etiam
1169 1130 1301 1199 hac
1331 1131 1404 1198 in
1436 1149 1513 1197 re
1546 1133 1828 1218 apparet
1863 1128 2260 1215 Annaeum,
2295 1135 2439 1196 tam
2472 1129 2688 1197 multa

426 1258 603 1307 nova
666 1237 1080 1328 fingentem,
1143 1242 1380 1305 tamen
1442 1254 1583 1303 non
1633 1254 1712 1303 eo
1763 1234 2089 1302 audaciae
2136 1236 2562 1323 pervenisse,
2611 1240 2688 1303 ut

427 1346 662 1413 omnia
719 1344 837 1413 illa
901 1345 1060 1412 trita
1121 1348 1188 1411 et
1248 1341 1553 1411 obsoleta
1617 1341 1702 1409 de
1759 1340 1995 1409 inferis
2043 1362 2080 1407 e
2126 1341 2355 1409 medio
2400 1342 2684 1410 tolleret.

427 1450 796 1520 Permultis
858 1450 1026 1519 locis
1088 1450 1277 1518 enim
1340 1448 1425 1517 de
1471 1453 1723 1532 morte,
1779 1447 1864 1514 de
1913 1447 2271 1531 manibuS,
2322 1448 2407 1516 de
2451 1448 2688 1516 inferis

429 1559 600 1647 agit,
664 1576 946 1647 prorsus
1009 1562 1112 1625 est
1173 1556 1441 1645 primus
1503 1546 1796 1644 quisque
1856 1553 2063 1622 homo
2112 1574 2149 1622 e
2196 1553 2416 1643 plebe.
2509 1554 2687 1622 Nam

432 1664 658 1754 quoad
717 1684 802 1732 ex
849 1663 1001 1732 aliis
1048 1661 1443 1731 auctoribus
1489 1666 1559 1728 et
1601 1660 1947 1749 imprimis
1995 1680 2078 1728 ex
2124 1660 2688 1750 inscriptionibus

431 1769 796 1860 epitaphiis
815 1822 832 1855 ,
880 1769 1084 1838 nobis
1127 1768 1388 1836 invidia
1432 1772 1824 1856 temporum
1873 1767 2157 1855 relictis,
2198 1765 2468 1835 efficere
2501 1768 2685 1845 licet,

436 1876 871 1967 philosophia
929 1875 1210 1965 Epicuri
1228 1927 1245 1960 ,
1311 1875 1519 1943 vitam
1581 1880 1736 1962 post
1795 1878 2090 1941 mortem
2145 1893 2407 1963 negans
2425 1928 2442 1959 ,
2505 1874 2689 1963 apud

431 1983 708 2073 plebem
772 1988 955 2051 certe
1017 2001 1268 2072 parum
1313 1981 1546 2050 valuit.
1644 1979 1734 2048 At
1781 1980 1946 2048 satis
1993 1980 2346 2071 probabile
2395 1981 2686 2067 videtur,

431 2095 510 2160 ut
578 2090 788 2157 etiam
857 2093 1091 2157 nostra
1160 2092 1381 2156 aetate
1451 2086 1654 2154 modo
1723 2086 1929 2174 pauci
1998 2085 2311 2155 homines
2379 2087 2691 2157 doctrina

435 2196 767 2264 ecclesiae
830 2194 1261 2264 Christianae
1322 2192 1572 2263 imbuti
1635 2197 1834 2277 sunt,
1895 2191 2012 2259 alii
2073 2193 2275 2281 pauci
2331 2213 2405 2262 se
2451 2194 2559 2263 his
2604 2196 2689 2263 de

431 2302 642 2371 rebus
689 2301 973 2369 omnino
1020 2300 1288 2369 nescire
1337 2298 1717 2383 affirmant,
1768 2297 1888 2366 sed
1936 2297 2153 2366 multo
2194 2301 2496 2368 maxima
2532 2322 2690 2390 pars

433 2408 832 2493 hominum,
885 2407 1138 2496 quibus
1186 2407 1486 2497 cogitare
1526 2404 1895 2472 molestum
1929 2409 2058 2491 est,
2093 2392 2266 2473 satis
2288 2408 2512 2475 securi
2543 2410 2690 2498 opi-

434 2513 760 2582 nionibus
821 2518 1190 2602 parentum
1250 2531 1324 2580 se
1386 2510 1948 2597 accommodant,
2011 2511 2111 2579 sic
2165 2512 2372 2579 etiam
2419 2515 2688 2602 „profa-

433 2640 603 2688 num
663 2617 946 2710 vulgus''
1007 2619 1514 2701 Romanorum,
1573 2617 1783 2684 etiam
1831 2616 1891 2683 si
1937 2615 2023 2684 de
2068 2617 2214 2684 deis
2261 2618 2687 2708 dubitarent,

411 2726 851 2803 ‚sententiam
896 2726 1242 2794 maiorum
1287 2724 1374 2793 de
1420 2729 1640 2791 morte
1685 2722 2033 2812 probasse.

527 2831 665 2901 Sed
706 2832 895 2901 locos
937 2832 1124 2921 ipsos
1168 2830 1640 2920 inspiciamus,
2717 2856 2957 2919 saepiam
2976 2860 3096 2910 pom

523 2937 877 3024 Cornelia,
940 2958 981 3006 a
1036 2938 1284 3006 marito
1331 2936 1633 3005 Lesbum
1680 2936 2000 3004 secedere
2048 2936 2266 3020 iussa,
2323 2943 2401 3006 ut
2444 2940 2688 3028 procul
2713 2909 3010 3016 Ssstssiffi·
3044 2910 3096 2951 ‘¹⁰

436 3063 474 3111 a
544 3044 707 3113 belli
773 3043 1079 3134 periculo
1138 3045 1261 3130 sit,
1333 3042 1516 3133 apud
1579 3041 1991 3131 Pompeium
2053 3061 2335 3111 manere
2396 3046 2690 3132 mavult,

372 3240 375 3241 7
434 3150 540 3219 his
585 3150 814 3219 verbis
859 3170 1020 3220 usa:

1266 3309 1281 3324 .
1380 3309 1394 3322 .
1601 3307 1615 3321 .
1666 3260 1932 3338 „morte
1978 3260 2250 3343 parata,

872 3367 942 3430 te
987 3380 1239 3451 sequar
1285 3359 1371 3429 ad
1418 3360 1716 3428 maneS.’'

522 3467 732 3536 Poeta
777 3473 1012 3537 autem
1060 3473 1356 3536 mortem
1401 3466 1650 3554 Iuliae,
1699 3465 1882 3534 filiae
1930 3464 2240 3534 Caesaris
2287 3471 2354 3534 et
2382 3465 2692 3557 Pompeii

433 3575 698 3661 uxoriS,
746 3575 848 3643 sic
895 3579 1428 3644 commemorat:

1704 3733 1718 3747 .
1769 3679 2105 3770 „pignora
2149 3679 2369 3749 iuncti

785 3788 1143 3878 sanguinis
1191 3792 1259 3855 et
1305 3786 1455 3854 diro
1500 3785 1746 3854 ferales
1792 3786 2025 3855 omine
2072 3784 2308 3854 taedas

787 3894 1067 3963 abstulit
1111 3894 1201 3962 ad
1246 3912 1488 3962 manes
1533 3891 1908 3960 Parcarum
1960 3892 2134 3961 Iulia
2180 3911 2382 3960 saeva

790 4003 1169 4091 intercepta
1218 3999 1497 4068 manu.’'
1529 3999 1588 4088 2)

518 4356 574 4427 1)
615 4351 816 4411 Manil.
857 4350 1014 4411 Astr.
1056 4350 1313 4410 IV2886
1337 4366 1422 4423 sq.
1466 4352 1581 4407 893
1604 4364 1691 4421 sq.

514 4450 578 4525 2)
618 4447 709 4508 Of.
749 4447 951 4508 Phars.
995 4447 1225 4508 V2773
1267 4452 1327 4505 et
1365 4446 1590 4504 1:111.
