<?xml version="1.0" encoding="UTF-8"?>
<!DOCTYPE html PUBLIC "-//W3C//DTD XHTML 1.0 Transitional//EN"
    "http://www.w3.org/TR/xhtml1/DTD/xhtml1-transitional.dtd">
<html xmlns="http://www.w3.org/1999/xhtml" xml:lang="en" lang="en">
 <head>
  <title>
</title>
<meta http-equiv="Content-Type" content="text/html;charset=utf-8" />
  <meta name='ocr-system' content='tesseract 3.04.00' />
  <meta name='ocr-capabilities' content='ocr_page ocr_carea ocr_par ocr_line ocrx_word'/>
</head>
<body>
  <div class='ocr_page' id='page_1' title='image "./lucanisententia00millgoog_0106.png"; bbox 0 0 3434 5159; ppageno 0'>
   <div class='ocr_carea' id='block_1_1' title="bbox 1837 293 1930 365">
    <p class='ocr_par' dir='ltr' id='par_1_1' title="bbox 1837 293 1930 365">
     <span class='ocr_line' id='line_1_1' title="bbox 1837 293 1930 365; baseline -0.011 0"><span class='ocrx_word' id='word_1_1' title='bbox 1837 293 1930 365; x_wconf 84' lang='lat'><strong>94</strong></span> 
     </span>
    </p>
   </div>
   <div class='ocr_carea' id='block_1_2' title="bbox 688 518 3039 3655">
    <p class='ocr_par' dir='ltr' id='par_1_2' title="bbox 748 518 3039 1133">
     <span class='ocr_line' id='line_1_2' title="bbox 750 518 3035 610; baseline -0 -20"><span class='ocrx_word' id='word_1_2' title='bbox 750 520 1135 590; x_wconf 89' lang='lat' dir='ltr'><strong>seminibus</strong></span> <span class='ocrx_word' id='word_1_3' title='bbox 1179 519 1283 587; x_wconf 86' lang='lat' dir='ltr'><strong>vis</strong></span> <span class='ocrx_word' id='word_1_4' title='bbox 1328 518 1510 586; x_wconf 91' lang='lat' dir='ltr'><strong>inest</strong></span> <span class='ocrx_word' id='word_1_5' title='bbox 1555 535 1796 585; x_wconf 89' lang='lat' dir='ltr'><strong>earum</strong></span> <span class='ocrx_word' id='word_1_6' title='bbox 1848 536 2113 604; x_wconf 90' lang='lat' dir='ltr'><strong>rerum,</strong></span> <span class='ocrx_word' id='word_1_7' title='bbox 2149 535 2328 605; x_wconf 91' lang='lat' dir='ltr'><strong>quae</strong></span> <span class='ocrx_word' id='word_1_8' title='bbox 2362 537 2449 585; x_wconf 84' lang='lat' dir='ltr'><strong>ex</strong></span> <span class='ocrx_word' id='word_1_9' title='bbox 2478 518 2564 586; x_wconf 92' lang='lat' dir='ltr'><strong>iis</strong></span> <span class='ocrx_word' id='word_1_10' title='bbox 2596 520 3035 610; x_wconf 84' lang='lat' dir='ltr'><strong>progignun-</strong></span> 
     </span>
     <span class='ocr_line' id='line_1_3' title="bbox 748 621 3037 711; baseline 0.001 -19"><span class='ocrx_word' id='word_1_11' title='bbox 748 629 891 709; x_wconf 89' lang='lat' dir='ltr'><strong>tur,</strong></span> <span class='ocrx_word' id='word_1_12' title='bbox 955 627 1055 694; x_wconf 93' lang='lat' dir='ltr'><strong>sic</strong></span> <span class='ocrx_word' id='word_1_13' title='bbox 1114 627 1191 693; x_wconf 92' lang='lat' dir='ltr'><strong>in</strong></span> <span class='ocrx_word' id='word_1_14' title='bbox 1255 623 1481 693; x_wconf 91' lang='lat' dir='ltr'><strong>causis</strong></span> <span class='ocrx_word' id='word_1_15' title='bbox 1544 621 1862 691; x_wconf 90' lang='lat' dir='ltr'><strong>conditae</strong></span> <span class='ocrx_word' id='word_1_16' title='bbox 1925 626 2090 690; x_wconf 91' lang='lat' dir='ltr'><strong>sunt</strong></span> <span class='ocrx_word' id='word_1_17' title='bbox 2143 642 2256 690; x_wconf 87' lang='lat' dir='ltr'><strong>res</strong></span> <span class='ocrx_word' id='word_1_18' title='bbox 2302 622 2610 711; x_wconf 89' lang='lat' dir='ltr'><strong>futurae,</strong></span> <span class='ocrx_word' id='word_1_19' title='bbox 2659 645 2832 711; x_wconf 91' lang='lat' dir='ltr'><strong>quas</strong></span> <span class='ocrx_word' id='word_1_20' title='bbox 2880 647 3037 694; x_wconf 89' lang='lat' dir='ltr'><strong>esse</strong></span> 
     </span>
     <span class='ocr_line' id='line_1_4' title="bbox 750 728 3039 800; baseline 0 -2"><span class='ocrx_word' id='word_1_21' title='bbox 750 731 1015 800; x_wconf 89' lang='lat' dir='ltr'><strong>futuras</strong></span> <span class='ocrx_word' id='word_1_22' title='bbox 1078 736 1197 800; x_wconf 93' lang='lat' dir='ltr'><strong>aut</strong></span> <span class='ocrx_word' id='word_1_23' title='bbox 1260 730 1604 798; x_wconf 89' lang='lat' dir='ltr'><strong>concitata</strong></span> <span class='ocrx_word' id='word_1_24' title='bbox 1663 747 1866 795; x_wconf 90' lang='lat' dir='ltr'><strong>mens</strong></span> <span class='ocrx_word' id='word_1_25' title='bbox 1910 733 2027 796; x_wconf 93' lang='lat' dir='ltr'><strong>aut</strong></span> <span class='ocrx_word' id='word_1_26' title='bbox 2076 728 2302 796; x_wconf 90' lang='lat' dir='ltr'><strong>soluta</strong></span> <span class='ocrx_word' id='word_1_27' title='bbox 2348 748 2594 796; x_wconf 91' lang='lat' dir='ltr'><strong>somno</strong></span> <span class='ocrx_word' id='word_1_28' title='bbox 2643 731 2867 798; x_wconf 90' lang='lat' dir='ltr'><strong>cernit</strong></span> <span class='ocrx_word' id='word_1_29' title='bbox 2914 737 3039 800; x_wconf 91' lang='lat' dir='ltr'><strong>aut</strong></span> 
     </span>
     <span class='ocr_line' id='line_1_5' title="bbox 749 831 3034 922; baseline 0 -19"><span class='ocrx_word' id='word_1_30' title='bbox 749 838 925 904; x_wconf 91' lang='lat' dir='ltr'><strong>ratio</strong></span> <span class='ocrx_word' id='word_1_31' title='bbox 983 843 1102 905; x_wconf 94' lang='lat' dir='ltr'><strong>aut</strong></span> <span class='ocrx_word' id='word_1_32' title='bbox 1149 835 1550 903; x_wconf 90' lang='lat' dir='ltr'><strong>coniectura</strong></span> <span class='ocrx_word' id='word_1_33' title='bbox 1595 831 2031 921; x_wconf 90' lang='lat' dir='ltr'><strong>praesentit.&#39;’</strong></span> <span class='ocrx_word' id='word_1_34' title='bbox 2127 885 2413 900; x_wconf 92' lang='grc'><strong>.....</strong></span> <span class='ocrx_word' id='word_1_35' title='bbox 2463 833 2699 919; x_wconf 90' lang='lat' dir='ltr'><strong>„Haec</strong></span> <span class='ocrx_word' id='word_1_36' title='bbox 2746 835 3034 922; x_wconf 89' lang='lat' dir='ltr'><strong>quidem</strong></span> 
     </span>
     <span class='ocr_line' id='line_1_6' title="bbox 751 936 3031 1030; baseline 0 -22"><span class='ocrx_word' id='word_1_37' title='bbox 751 947 820 1008; x_wconf 92' lang='lat' dir='ltr'><strong>et</strong></span> <span class='ocrx_word' id='word_1_38' title='bbox 865 942 1209 1030; x_wconf 83' lang='lat' dir='ltr'>quaedam</span> <span class='ocrx_word' id='word_1_39' title='bbox 1257 938 1570 1008; x_wconf 92' lang='lat' dir='ltr'><strong>eiusdem</strong></span> <span class='ocrx_word' id='word_1_40' title='bbox 1617 936 1810 1005; x_wconf 84' lang='lat' dir='ltr'><strong>modi</strong></span> <span class='ocrx_word' id='word_1_41' title='bbox 1858 943 2303 1027; x_wconf 88' lang='lat' dir='ltr'><strong>argumenta,</strong></span> <span class='ocrx_word' id='word_1_42' title='bbox 2355 958 2480 1007; x_wconf 90' lang='lat' dir='ltr'><strong>cur</strong></span> <span class='ocrx_word' id='word_1_43' title='bbox 2525 939 2616 1006; x_wconf 91' lang='lat' dir='ltr'><strong>sit</strong></span> <span class='ocrx_word' id='word_1_44' title='bbox 2660 939 3031 1025; x_wconf 89' lang='lat' dir='ltr'><strong>divinati0‚</strong></span> 
     </span>
     <span class='ocr_line' id='line_1_7' title="bbox 751 1042 1534 1133; baseline -0.003 -19"><span class='ocrx_word' id='word_1_45' title='bbox 751 1046 1106 1116; x_wconf 90' lang='lat' dir='ltr'><strong>ducuntur</strong></span> <span class='ocrx_word' id='word_1_46' title='bbox 1152 1067 1194 1114; x_wconf 94' lang='lat' dir='ltr'><strong>a</strong></span> <span class='ocrx_word' id='word_1_47' title='bbox 1239 1044 1442 1113; x_wconf 88' lang='lat' dir='ltr'><strong>fat0.&#39;’</strong></span> <span class='ocrx_word' id='word_1_48' title='bbox 1481 1042 1534 1133; x_wconf 89' lang='lat'><strong>¹)</strong></span> 
     </span>
    </p>

    <p class='ocr_par' dir='ltr' id='par_1_3' title="bbox 750 1147 3036 1659">
     <span class='ocr_line' id='line_1_8' title="bbox 842 1147 3034 1238; baseline 0 -19"><span class='ocrx_word' id='word_1_49' title='bbox 842 1150 1192 1219; x_wconf 83' lang='lat' dir='ltr'><strong>Divinatio</strong></span> <span class='ocrx_word' id='word_1_50' title='bbox 1241 1153 1476 1219; x_wconf 87' lang='lat' dir='ltr'><strong>autem</strong></span> <span class='ocrx_word' id='word_1_51' title='bbox 1523 1148 1609 1216; x_wconf 91' lang='lat' dir='ltr'><strong>iis</strong></span> <span class='ocrx_word' id='word_1_52' title='bbox 1655 1147 1964 1215; x_wconf 86' lang='lat' dir='ltr'><strong>maximo</strong></span> <span class='ocrx_word' id='word_1_53' title='bbox 2014 1153 2425 1238; x_wconf 82' lang='lat' dir='ltr'><strong>argumento</strong></span> <span class='ocrx_word' id='word_1_54' title='bbox 2474 1153 2650 1237; x_wconf 89' lang='lat' dir='ltr'><strong>erat,</strong></span> <span class='ocrx_word' id='word_1_55' title='bbox 2684 1150 2849 1218; x_wconf 90' lang='lat' dir='ltr'><strong>deos</strong></span> <span class='ocrx_word' id='word_1_56' title='bbox 2883 1171 3034 1219; x_wconf 92' lang='lat' dir='ltr'><strong>esse</strong></span> 
     </span>
     <span class='ocr_line' id='line_1_9' title="bbox 750 1251 3030 1344; baseline 0 -21"><span class='ocrx_word' id='word_1_57' title='bbox 750 1256 1102 1344; x_wconf 83' lang='lat' dir='ltr'>rebusque</span> <span class='ocrx_word' id='word_1_58' title='bbox 1147 1255 1477 1339; x_wconf 89' lang='lat' dir='ltr'><strong>humanis</strong></span> <span class='ocrx_word' id='word_1_59' title='bbox 1524 1251 1920 1338; x_wconf 88' lang='lat' dir='ltr'><strong>consulere,</strong></span> <span class='ocrx_word' id='word_1_60' title='bbox 1972 1258 2045 1321; x_wconf 88' lang='lat' dir='ltr'><strong>ut</strong></span> <span class='ocrx_word' id='word_1_61' title='bbox 2097 1252 2338 1322; x_wconf 89' lang='lat' dir='ltr'><strong>Cicero</strong></span> <span class='ocrx_word' id='word_1_62' title='bbox 2387 1254 2474 1323; x_wconf 93' lang='lat' dir='ltr'><strong>ad</strong></span> <span class='ocrx_word' id='word_1_63' title='bbox 2512 1255 2797 1323; x_wconf 87' lang='lat' dir='ltr'><strong>fratrem</strong></span> <span class='ocrx_word' id='word_1_64' title='bbox 2830 1257 3030 1324; x_wconf 86' lang='lat' dir='ltr'><strong>dixit:</strong></span> 
     </span>
     <span class='ocr_line' id='line_1_10' title="bbox 751 1357 3036 1448; baseline 0 -20"><span class='ocrx_word' id='word_1_65' title='bbox 751 1359 1050 1443; x_wconf 84' lang='lat' dir='ltr'><strong>„Arcem</strong></span> <span class='ocrx_word' id='word_1_66' title='bbox 1121 1366 1193 1429; x_wconf 87' lang='lat' dir='ltr'><strong>tu</strong></span> <span class='ocrx_word' id='word_1_67' title='bbox 1255 1357 1539 1447; x_wconf 89' lang='lat' dir='ltr'><strong>quidem</strong></span> <span class='ocrx_word' id='word_1_68' title='bbox 1595 1357 2020 1443; x_wconf 90' lang='lat' dir='ltr'><strong>Stoicorum,</strong></span> <span class='ocrx_word' id='word_1_69' title='bbox 2072 1359 2400 1448; x_wconf 91' lang='lat' dir='ltr'><strong>inquam,</strong></span> <span class='ocrx_word' id='word_1_70' title='bbox 2452 1357 2741 1447; x_wconf 88' lang='lat' dir='ltr'><strong>Quinte,</strong></span> <span class='ocrx_word' id='word_1_71' title='bbox 2796 1361 3036 1429; x_wconf 91' lang='lat' dir='ltr'><strong>defen-</strong></span> 
     </span>
     <span class='ocr_line' id='line_1_11' title="bbox 750 1463 3034 1553; baseline 0 -21"><span class='ocrx_word' id='word_1_72' title='bbox 750 1466 893 1551; x_wconf 86' lang='lat' dir='ltr'><strong>dis,</strong></span> <span class='ocrx_word' id='word_1_73' title='bbox 957 1465 1302 1553; x_wconf 86' lang='lat' dir='ltr'><strong>siquidem</strong></span> <span class='ocrx_word' id='word_1_74' title='bbox 1362 1465 1496 1532; x_wconf 88' lang='lat' dir='ltr'><strong>ista</strong></span> <span class='ocrx_word' id='word_1_75' title='bbox 1557 1463 1658 1531; x_wconf 90' lang='lat' dir='ltr'><strong>sic</strong></span> <span class='ocrx_word' id='word_1_76' title='bbox 1718 1464 2268 1553; x_wconf 83' lang='lat' dir='ltr'><strong>reciprocantur,</strong></span> <span class='ocrx_word' id='word_1_77' title='bbox 2319 1470 2429 1548; x_wconf 89' lang='lat' dir='ltr'><strong>ut,</strong></span> <span class='ocrx_word' id='word_1_78' title='bbox 2481 1471 2548 1533; x_wconf 92' lang='lat' dir='ltr'><strong>et</strong></span> <span class='ocrx_word' id='word_1_79' title='bbox 2594 1466 2654 1533; x_wconf 92' lang='lat' dir='ltr'><strong>si</strong></span> <span class='ocrx_word' id='word_1_80' title='bbox 2702 1465 3034 1534; x_wconf 88' lang='lat' dir='ltr'><strong>divinatio</strong></span> 
     </span>
     <span class='ocr_line' id='line_1_12' title="bbox 751 1568 2539 1659; baseline 0.001 -22"><span class='ocrx_word' id='word_1_81' title='bbox 751 1571 876 1657; x_wconf 91' lang='lat' dir='ltr'><strong>sit,</strong></span> <span class='ocrx_word' id='word_1_82' title='bbox 925 1569 1037 1637; x_wconf 92' lang='lat' dir='ltr'><strong>dei</strong></span> <span class='ocrx_word' id='word_1_83' title='bbox 1083 1571 1252 1655; x_wconf 89' lang='lat' dir='ltr'><strong>sint,</strong></span> <span class='ocrx_word' id='word_1_84' title='bbox 1302 1574 1370 1637; x_wconf 92' lang='lat' dir='ltr'><strong>et</strong></span> <span class='ocrx_word' id='word_1_85' title='bbox 1416 1569 1477 1636; x_wconf 92' lang='lat' dir='ltr'><strong>si</strong></span> <span class='ocrx_word' id='word_1_86' title='bbox 1523 1569 1635 1636; x_wconf 93' lang='lat' dir='ltr'><strong>dei</strong></span> <span class='ocrx_word' id='word_1_87' title='bbox 1681 1569 1859 1654; x_wconf 91' lang='lat' dir='ltr'><strong>sint,</strong></span> <span class='ocrx_word' id='word_1_88' title='bbox 1909 1570 1998 1636; x_wconf 90' lang='lat' dir='ltr'><strong>sit</strong></span> <span class='ocrx_word' id='word_1_89' title='bbox 2044 1568 2444 1638; x_wconf 90' lang='lat' dir='ltr'><strong>divinatio.’&#39;</strong></span> <span class='ocrx_word' id='word_1_90' title='bbox 2481 1569 2539 1659; x_wconf 75' lang='lat'><strong>2)</strong></span> 
     </span>
    </p>

    <p class='ocr_par' dir='ltr' id='par_1_4' title="bbox 750 1673 3037 2500">
     <span class='ocr_line' id='line_1_13' title="bbox 841 1673 3032 1766; baseline 0 -23"><span class='ocrx_word' id='word_1_91' title='bbox 841 1674 1070 1743; x_wconf 90' lang='lat' dir='ltr'><strong>Etiam</strong></span> <span class='ocrx_word' id='word_1_92' title='bbox 1131 1674 1263 1742; x_wconf 91' lang='lat' dir='ltr'><strong>hac</strong></span> <span class='ocrx_word' id='word_1_93' title='bbox 1322 1675 1396 1741; x_wconf 92' lang='lat' dir='ltr'><strong>in</strong></span> <span class='ocrx_word' id='word_1_94' title='bbox 1459 1694 1536 1741; x_wconf 92' lang='lat' dir='ltr'><strong>re</strong></span> <span class='ocrx_word' id='word_1_95' title='bbox 1583 1673 1798 1741; x_wconf 88' lang='lat' dir='ltr'><strong>Stoici</strong></span> <span class='ocrx_word' id='word_1_96' title='bbox 1844 1673 2097 1761; x_wconf 89' lang='lat' dir='ltr'><strong>placita</strong></span> <span class='ocrx_word' id='word_1_97' title='bbox 2142 1674 2715 1764; x_wconf 88' lang='lat' dir='ltr'><strong>philosophorum</strong></span> <span class='ocrx_word' id='word_1_98' title='bbox 2762 1677 3032 1766; x_wconf 91' lang='lat' dir='ltr'><strong>opinio-</strong></span> 
     </span>
     <span class='ocr_line' id='line_1_14' title="bbox 753 1778 3037 1868; baseline 0.001 -21"><span class='ocrx_word' id='word_1_99' title='bbox 753 1780 962 1848; x_wconf 88' lang='lat' dir='ltr'><strong>nibus</strong></span> <span class='ocrx_word' id='word_1_100' title='bbox 1010 1778 1410 1868; x_wconf 83' lang='lat' dir='ltr'><strong>vulgaribus</strong></span> <span class='ocrx_word' id='word_1_101' title='bbox 1458 1778 1986 1846; x_wconf 88' lang='lat' dir='ltr'><strong>accommodare</strong></span> <span class='ocrx_word' id='word_1_102' title='bbox 2033 1778 2424 1848; x_wconf 82' lang='lat' dir='ltr'><strong>studebant.</strong></span> <span class='ocrx_word' id='word_1_103' title='bbox 2505 1779 2662 1848; x_wconf 91' lang='lat' dir='ltr'><strong>Non</strong></span> <span class='ocrx_word' id='word_1_104' title='bbox 2698 1783 2886 1848; x_wconf 90' lang='lat' dir='ltr'><strong>enim</strong></span> <span class='ocrx_word' id='word_1_105' title='bbox 2907 1835 2923 1868; x_wconf 91' lang='lat'><strong>,</strong></span> <span class='ocrx_word' id='word_1_106' title='bbox 2957 1788 3037 1850; x_wconf 92' lang='lat' dir='ltr'><strong>ut</strong></span> 
     </span>
     <span class='ocr_line' id='line_1_15' title="bbox 755 1883 3034 1975; baseline 0.001 -24"><span class='ocrx_word' id='word_1_107' title='bbox 755 1885 1005 1975; x_wconf 85' lang='lat' dir='ltr'><strong>vulgus</strong></span> <span class='ocrx_word' id='word_1_108' title='bbox 1036 1883 1127 1974; x_wconf 78' lang='lat'><strong>³),</strong></span> <span class='ocrx_word' id='word_1_109' title='bbox 1178 1883 1552 1952; x_wconf 90' lang='lat' dir='ltr'><strong>credebant</strong></span> <span class='ocrx_word' id='word_1_110' title='bbox 1601 1883 1767 1951; x_wconf 86' lang='lat' dir='ltr'><strong>deos</strong></span> <span class='ocrx_word' id='word_1_111' title='bbox 1814 1903 1940 1972; x_wconf 92' lang='lat' dir='ltr'><strong>per</strong></span> <span class='ocrx_word' id='word_1_112' title='bbox 1986 1884 2388 1953; x_wconf 91' lang='lat' dir='ltr'><strong>miracula</strong></span> <span class='ocrx_word' id='word_1_113' title='bbox 2432 1885 2836 1956; x_wconf 89' lang='lat' dir='ltr'><strong>hominibus</strong></span> <span class='ocrx_word' id='word_1_114' title='bbox 2879 1888 3034 1974; x_wconf 92' lang='lat' dir='ltr'><strong>qui-</strong></span> 
     </span>
     <span class='ocr_line' id='line_1_16' title="bbox 762 1986 3036 2081; baseline 0 -23"><span class='ocrx_word' id='word_1_115' title='bbox 762 1989 1057 2058; x_wconf 88' lang='lat' dir='ltr'><strong>busdam</strong></span> <span class='ocrx_word' id='word_1_116' title='bbox 1119 2009 1231 2057; x_wconf 91' lang='lat' dir='ltr'><strong>res</strong></span> <span class='ocrx_word' id='word_1_117' title='bbox 1291 1987 1558 2057; x_wconf 87' lang='lat' dir='ltr'><strong>futuras</strong></span> <span class='ocrx_word' id='word_1_118' title='bbox 1621 1990 1924 2077; x_wconf 88' lang='lat' dir='ltr'><strong>aperire,</strong></span> <span class='ocrx_word' id='word_1_119' title='bbox 1974 1989 2093 2057; x_wconf 90' lang='lat' dir='ltr'><strong>sed</strong></span> <span class='ocrx_word' id='word_1_120' title='bbox 2143 1986 2483 2058; x_wconf 89' lang='lat' dir='ltr'><strong>docebant</strong></span> <span class='ocrx_word' id='word_1_121' title='bbox 2533 2011 2683 2060; x_wconf 90' lang='lat' dir='ltr'><strong>esse</strong></span> <span class='ocrx_word' id='word_1_122' title='bbox 2731 1992 2868 2061; x_wconf 92' lang='lat' dir='ltr'><strong>duo</strong></span> <span class='ocrx_word' id='word_1_123' title='bbox 2917 2013 3036 2081; x_wconf 86' lang='lat' dir='ltr'><strong>ge-</strong></span> 
     </span>
     <span class='ocr_line' id='line_1_17' title="bbox 753 2094 3029 2185; baseline 0.001 -22"><span class='ocrx_word' id='word_1_124' title='bbox 753 2114 925 2163; x_wconf 90' lang='lat' dir='ltr'><strong>nera</strong></span> <span class='ocrx_word' id='word_1_125' title='bbox 971 2094 1452 2178; x_wconf 81' lang='lat' dir='ltr'><strong>divinationiS,</strong></span> <span class='ocrx_word' id='word_1_126' title='bbox 1517 2114 1777 2181; x_wconf 84' lang='lat' dir='ltr'><strong>unum,</strong></span> <span class='ocrx_word' id='word_1_127' title='bbox 1829 2095 2012 2182; x_wconf 91' lang='lat' dir='ltr'><strong>quod</strong></span> <span class='ocrx_word' id='word_1_128' title='bbox 2060 2097 2406 2185; x_wconf 85' lang='lat' dir='ltr'><strong>particeps</strong></span> <span class='ocrx_word' id='word_1_129' title='bbox 2454 2104 2634 2165; x_wconf 89' lang='lat' dir='ltr'><strong>esset</strong></span> <span class='ocrx_word' id='word_1_130' title='bbox 2680 2100 2880 2185; x_wconf 89' lang='lat' dir='ltr'><strong>artis,</strong></span> <span class='ocrx_word' id='word_1_131' title='bbox 2930 2097 3029 2166; x_wconf 91' lang='lat' dir='ltr'><strong>al-</strong></span> 
     </span>
     <span class='ocr_line' id='line_1_18' title="bbox 750 2199 3026 2292; baseline 0.002 -26"><span class='ocrx_word' id='word_1_132' title='bbox 750 2206 1015 2285; x_wconf 89' lang='lat' dir='ltr'><strong>terum,</strong></span> <span class='ocrx_word' id='word_1_133' title='bbox 1079 2199 1265 2287; x_wconf 89' lang='lat' dir='ltr'><strong>quod</strong></span> <span class='ocrx_word' id='word_1_134' title='bbox 1327 2204 1473 2266; x_wconf 90' lang='lat' dir='ltr'><strong>arte</strong></span> <span class='ocrx_word' id='word_1_135' title='bbox 1522 2205 1818 2267; x_wconf 89' lang='lat' dir='ltr'><strong>careret:</strong></span> <span class='ocrx_word' id='word_1_136' title='bbox 1884 2200 2056 2269; x_wconf 93' lang='lat' dir='ltr'><strong>illud</strong></span> <span class='ocrx_word' id='word_1_137' title='bbox 2102 2221 2322 2290; x_wconf 84' lang='lat' dir='ltr'><strong>genus</strong></span> <span class='ocrx_word' id='word_1_138' title='bbox 2369 2206 2471 2270; x_wconf 91' lang='lat' dir='ltr'><strong>est</strong></span> <span class='ocrx_word' id='word_1_139' title='bbox 2519 2202 2852 2271; x_wconf 89' lang='lat' dir='ltr'><strong>divinatio</strong></span> <span class='ocrx_word' id='word_1_140' title='bbox 2900 2224 3026 2292; x_wconf 92' lang='lat' dir='ltr'><strong>per</strong></span> 
     </span>
     <span class='ocr_line' id='line_1_19' title="bbox 755 2304 3028 2398; baseline 0.002 -27"><span class='ocrx_word' id='word_1_141' title='bbox 755 2304 1226 2393; x_wconf 86' lang='lat' dir='ltr'><strong>extispicium,</strong></span> <span class='ocrx_word' id='word_1_142' title='bbox 1261 2309 1598 2389; x_wconf 87' lang='lat' dir='ltr'><strong>monstra,</strong></span> <span class='ocrx_word' id='word_1_143' title='bbox 1637 2304 1931 2393; x_wconf 87' lang='lat' dir='ltr'><strong>fulgura,</strong></span> <span class='ocrx_word' id='word_1_144' title='bbox 1960 2306 2160 2396; x_wconf 83' lang='lat' dir='ltr'><strong>signa</strong></span> <span class='ocrx_word' id='word_1_145' title='bbox 2186 2307 2526 2394; x_wconf 90' lang='lat' dir='ltr'><strong>coelestia,</strong></span> <span class='ocrx_word' id='word_1_146' title='bbox 2555 2309 3028 2398; x_wconf 83' lang='lat' dir='ltr'><strong>astrologiam,</strong></span> 
     </span>
     <span class='ocr_line' id='line_1_20' title="bbox 753 2409 2226 2500; baseline 0.001 -24"><span class='ocrx_word' id='word_1_147' title='bbox 753 2410 883 2476; x_wconf 89' lang='lat' dir='ltr'><strong>hoc</strong></span> <span class='ocrx_word' id='word_1_148' title='bbox 928 2429 1054 2497; x_wconf 90' lang='lat' dir='ltr'><strong>per</strong></span> <span class='ocrx_word' id='word_1_149' title='bbox 1099 2409 1371 2476; x_wconf 89' lang='lat' dir='ltr'><strong>somnia</strong></span> <span class='ocrx_word' id='word_1_150' title='bbox 1419 2415 1538 2477; x_wconf 90' lang='lat' dir='ltr'><strong>aut</strong></span> <span class='ocrx_word' id='word_1_151' title='bbox 1583 2409 2131 2479; x_wconf 81' lang='lat' dir='ltr'><strong>vaticinationes,</strong></span> <span class='ocrx_word' id='word_1_152' title='bbox 2164 2410 2226 2500; x_wconf 71' lang='lat'><strong>4)</strong></span> 
     </span>
    </p>

    <p class='ocr_par' dir='ltr' id='par_1_5' title="bbox 688 2514 3032 3340">
     <span class='ocr_line' id='line_1_21' title="bbox 842 2514 3030 2603; baseline 0.002 -22"><span class='ocrx_word' id='word_1_153' title='bbox 842 2514 1054 2581; x_wconf 88' lang='lat' dir='ltr'><strong>Stoici</strong></span> <span class='ocrx_word' id='word_1_154' title='bbox 1099 2514 1309 2603; x_wconf 86' lang='lat' dir='ltr'><strong>igitur</strong></span> <span class='ocrx_word' id='word_1_155' title='bbox 1354 2534 1767 2603; x_wconf 91' lang='lat' dir='ltr'><strong>persuasum</strong></span> <span class='ocrx_word' id='word_1_156' title='bbox 1813 2514 2108 2603; x_wconf 90' lang='lat' dir='ltr'><strong>habent,</strong></span> <span class='ocrx_word' id='word_1_157' title='bbox 2157 2517 2394 2584; x_wconf 92' lang='lat' dir='ltr'><strong>omnia</strong></span> <span class='ocrx_word' id='word_1_158' title='bbox 2440 2536 2602 2585; x_wconf 92' lang='lat' dir='ltr'><strong>cum</strong></span> <span class='ocrx_word' id='word_1_159' title='bbox 2649 2517 2788 2585; x_wconf 85' lang='lat' dir='ltr'><strong>fato</strong></span> <span class='ocrx_word' id='word_1_160' title='bbox 2830 2517 3030 2603; x_wconf 89' lang='lat' dir='ltr'><strong>fiant,</strong></span> 
     </span>
     <span class='ocr_line' id='line_1_22' title="bbox 752 2618 3032 2711; baseline 0.002 -25"><span class='ocrx_word' id='word_1_161' title='bbox 752 2620 856 2703; x_wconf 91' lang='lat' dir='ltr'><strong>„si</strong></span> <span class='ocrx_word' id='word_1_162' title='bbox 904 2620 1059 2707; x_wconf 91' lang='lat' dir='ltr'><strong>quis</strong></span> <span class='ocrx_word' id='word_1_163' title='bbox 1107 2618 1417 2687; x_wconf 89' lang='lat' dir='ltr'><strong>mortalis</strong></span> <span class='ocrx_word' id='word_1_164' title='bbox 1462 2620 1679 2709; x_wconf 91' lang='lat' dir='ltr'><strong>possit</strong></span> <span class='ocrx_word' id='word_1_165' title='bbox 1726 2640 1875 2687; x_wconf 91' lang='lat' dir='ltr'><strong>esse</strong></span> <span class='ocrx_word' id='word_1_166' title='bbox 1895 2674 1912 2707; x_wconf 93' lang='lat'><strong>,</strong></span> <span class='ocrx_word' id='word_1_167' title='bbox 1960 2621 2083 2708; x_wconf 90' lang='lat' dir='ltr'><strong>qui</strong></span> <span class='ocrx_word' id='word_1_168' title='bbox 2122 2621 2630 2711; x_wconf 76' lang='lat' dir='ltr'><strong>colligationem</strong></span> <span class='ocrx_word' id='word_1_169' title='bbox 2664 2643 3032 2693; x_wconf 86' lang='lat' dir='ltr'><strong>causarum</strong></span> 
     </span>
     <span class='ocr_line' id='line_1_23' title="bbox 752 2724 3030 2814; baseline 0.002 -23"><span class='ocrx_word' id='word_1_170' title='bbox 752 2724 1068 2792; x_wconf 91' lang='lat' dir='ltr'><strong>omnium</strong></span> <span class='ocrx_word' id='word_1_171' title='bbox 1139 2724 1509 2812; x_wconf 89' lang='lat' dir='ltr'><strong>perspiciat</strong></span> <span class='ocrx_word' id='word_1_172' title='bbox 1571 2725 1805 2792; x_wconf 89' lang='lat' dir='ltr'><strong>animo</strong></span> <span class='ocrx_word' id='word_1_173' title='bbox 1831 2778 1848 2811; x_wconf 92' lang='lat'><strong>,</strong></span> <span class='ocrx_word' id='word_1_174' title='bbox 1920 2725 2063 2792; x_wconf 88' lang='lat' dir='ltr'><strong>fore</strong></span> <span class='ocrx_word' id='word_1_175' title='bbox 2124 2727 2428 2814; x_wconf 88' lang='lat' dir='ltr'><strong>profecto</strong></span> <span class='ocrx_word' id='word_1_176' title='bbox 2490 2732 2566 2795; x_wconf 90' lang='lat' dir='ltr'><strong>ut</strong></span> <span class='ocrx_word' id='word_1_177' title='bbox 2631 2728 2803 2795; x_wconf 90' lang='lat' dir='ltr'><strong>nihil</strong></span> <span class='ocrx_word' id='word_1_178' title='bbox 2867 2749 3030 2796; x_wconf 92' lang='lat' dir='ltr'><strong>eum</strong></span> 
     </span>
     <span class='ocr_line' id='line_1_24' title="bbox 750 2828 3030 2917; baseline 0.001 -20"><span class='ocrx_word' id='word_1_179' title='bbox 750 2830 959 2897; x_wconf 87' lang='lat' dir='ltr'><strong>fallat.</strong></span> <span class='ocrx_word' id='word_1_180' title='bbox 1053 2828 1190 2910; x_wconf 89' lang='lat' dir='ltr'><strong>Qui</strong></span> <span class='ocrx_word' id='word_1_181' title='bbox 1254 2829 1442 2896; x_wconf 92' lang='lat' dir='ltr'><strong>enim</strong></span> <span class='ocrx_word' id='word_1_182' title='bbox 1507 2835 1742 2897; x_wconf 88' lang='lat' dir='ltr'><strong>teneat</strong></span> <span class='ocrx_word' id='word_1_183' title='bbox 1797 2850 2039 2899; x_wconf 87' lang='lat' dir='ltr'><strong>causas</strong></span> <span class='ocrx_word' id='word_1_184' title='bbox 2086 2850 2320 2899; x_wconf 90' lang='lat' dir='ltr'><strong>rerum</strong></span> <span class='ocrx_word' id='word_1_185' title='bbox 2369 2832 2792 2917; x_wconf 86' lang='lat' dir='ltr'><strong>futurarum,</strong></span> <span class='ocrx_word' id='word_1_186' title='bbox 2843 2832 3030 2899; x_wconf 89' lang='lat' dir='ltr'><strong>idem</strong></span> 
     </span>
     <span class='ocr_line' id='line_1_25' title="bbox 688 2937 3030 3024; baseline -0.001 -17"><span class='ocrx_word' id='word_1_187' title='bbox 688 3003 693 3007; x_wconf 86' lang='lat'><strong>.</strong></span> <span class='ocrx_word' id='word_1_188' title='bbox 752 2954 1035 3002; x_wconf 91' lang='lat' dir='ltr'><strong>necesse</strong></span> <span class='ocrx_word' id='word_1_189' title='bbox 1098 2939 1199 3001; x_wconf 91' lang='lat' dir='ltr'><strong>est</strong></span> <span class='ocrx_word' id='word_1_190' title='bbox 1262 2937 1499 3002; x_wconf 91' lang='lat' dir='ltr'><strong>omnia</strong></span> <span class='ocrx_word' id='word_1_191' title='bbox 1556 2940 1818 3021; x_wconf 87' lang='lat' dir='ltr'><strong>teneat,</strong></span> <span class='ocrx_word' id='word_1_192' title='bbox 1868 2956 2047 3024; x_wconf 92' lang='lat' dir='ltr'><strong>quae</strong></span> <span class='ocrx_word' id='word_1_193' title='bbox 2092 2937 2325 3006; x_wconf 89' lang='lat' dir='ltr'><strong>futura</strong></span> <span class='ocrx_word' id='word_1_194' title='bbox 2369 2938 2527 3006; x_wconf 92' lang='lat' dir='ltr'><strong>sint.</strong></span> <span class='ocrx_word' id='word_1_195' title='bbox 2623 2937 2823 3019; x_wconf 89' lang='lat' dir='ltr'><strong>Quod</strong></span> <span class='ocrx_word' id='word_1_196' title='bbox 2871 2958 3030 3006; x_wconf 90' lang='lat' dir='ltr'><strong>cum</strong></span> 
     </span>
     <span class='ocr_line' id='line_1_26' title="bbox 752 3039 3029 3130; baseline 0.001 -23"><span class='ocrx_word' id='word_1_197' title='bbox 752 3059 960 3107; x_wconf 91' lang='lat' dir='ltr'><strong>nemo</strong></span> <span class='ocrx_word' id='word_1_198' title='bbox 1024 3039 1250 3108; x_wconf 78' lang='lat' dir='ltr'><strong>facere</strong></span> <span class='ocrx_word' id='word_1_199' title='bbox 1296 3040 1432 3108; x_wconf 90' lang='lat' dir='ltr'><strong>nisi</strong></span> <span class='ocrx_word' id='word_1_200' title='bbox 1479 3040 1650 3109; x_wconf 91' lang='lat' dir='ltr'><strong>deus</strong></span> <span class='ocrx_word' id='word_1_201' title='bbox 1696 3042 1944 3130; x_wconf 90' lang='lat' dir='ltr'><strong>possit,</strong></span> <span class='ocrx_word' id='word_1_202' title='bbox 1993 3041 2532 3129; x_wconf 87' lang='lat' dir='ltr'><strong>relinquendum</strong></span> <span class='ocrx_word' id='word_1_203' title='bbox 2580 3046 2682 3109; x_wconf 90' lang='lat' dir='ltr'><strong>est</strong></span> <span class='ocrx_word' id='word_1_204' title='bbox 2727 3043 2992 3110; x_wconf 90' lang='lat' dir='ltr'><strong>homini</strong></span> <span class='ocrx_word' id='word_1_205' title='bbox 3012 3094 3029 3127; x_wconf 94' lang='lat'><strong>,</strong></span> 
     </span>
     <span class='ocr_line' id='line_1_27' title="bbox 750 3145 3032 3235; baseline -0.001 -20"><span class='ocrx_word' id='word_1_206' title='bbox 750 3151 831 3215; x_wconf 91' lang='lat' dir='ltr'><strong>ut</strong></span> <span class='ocrx_word' id='word_1_207' title='bbox 895 3146 1112 3234; x_wconf 73' lang='lat' dir='ltr'><strong>sIgnis</strong></span> <span class='ocrx_word' id='word_1_208' title='bbox 1186 3145 1603 3234; x_wconf 88' lang='lat' dir='ltr'><strong>quibusdam</strong></span> <span class='ocrx_word' id='word_1_209' title='bbox 1669 3148 2165 3235; x_wconf 87' lang='lat' dir='ltr'><strong>consequentia</strong></span> <span class='ocrx_word' id='word_1_210' title='bbox 2226 3146 2740 3215; x_wconf 90' lang='lat' dir='ltr'><strong>declarantibus</strong></span> <span class='ocrx_word' id='word_1_211' title='bbox 2800 3147 3032 3215; x_wconf 85' lang='lat' dir='ltr'><strong>futura</strong></span> 
     </span>
     <span class='ocr_line' id='line_1_28' title="bbox 749 3250 1508 3340; baseline 0 -22"><span class='ocrx_word' id='word_1_212' title='bbox 749 3250 1214 3340; x_wconf 89' lang='lat' dir='ltr'><strong>praesentiat”</strong></span> <span class='ocrx_word' id='word_1_213' title='bbox 1264 3256 1391 3319; x_wconf 92' lang='lat' dir='ltr'><strong>etc.</strong></span> <span class='ocrx_word' id='word_1_214' title='bbox 1425 3250 1508 3340; x_wconf 73' lang='grc' dir='ltr'><strong>ὅ).</strong></span> 
     </span>
    </p>

    <p class='ocr_par' dir='ltr' id='par_1_6' title="bbox 748 3355 3030 3655">
     <span class='ocr_line' id='line_1_29' title="bbox 843 3355 3030 3447; baseline 0 -23"><span class='ocrx_word' id='word_1_215' title='bbox 843 3355 1069 3437; x_wconf 88' lang='lat' dir='ltr'><strong>Quam</strong></span> <span class='ocrx_word' id='word_1_216' title='bbox 1117 3356 1419 3425; x_wconf 90' lang='lat' dir='ltr'><strong>multum</strong></span> <span class='ocrx_word' id='word_1_217' title='bbox 1468 3361 1702 3426; x_wconf 89' lang='lat' dir='ltr'><strong>autem</strong></span> <span class='ocrx_word' id='word_1_218' title='bbox 1751 3376 1991 3424; x_wconf 88' lang='lat' dir='ltr'><strong>revera</strong></span> <span class='ocrx_word' id='word_1_219' title='bbox 2024 3356 2111 3424; x_wconf 92' lang='lat' dir='ltr'><strong>ab</strong></span> <span class='ocrx_word' id='word_1_220' title='bbox 2145 3358 2475 3445; x_wconf 92' lang='lat' dir='ltr'><strong>opinione</strong></span> <span class='ocrx_word' id='word_1_221' title='bbox 2506 3358 2772 3447; x_wconf 81' lang='lat' dir='ltr'><strong>vulgari</strong></span> <span class='ocrx_word' id='word_1_222' title='bbox 2803 3376 3030 3424; x_wconf 91' lang='lat' dir='ltr'><strong>reces-</strong></span> 
     </span>
     <span class='ocr_line' id='line_1_30' title="bbox 748 3460 3027 3549; baseline 0 -21"><span class='ocrx_word' id='word_1_223' title='bbox 748 3460 997 3545; x_wconf 90' lang='lat' dir='ltr'><strong>serint,</strong></span> <span class='ocrx_word' id='word_1_224' title='bbox 1065 3461 1207 3528; x_wconf 90' lang='lat' dir='ltr'><strong>iam</strong></span> <span class='ocrx_word' id='word_1_225' title='bbox 1273 3481 1310 3527; x_wconf 92' lang='lat' dir='ltr'><strong>e</strong></span> <span class='ocrx_word' id='word_1_226' title='bbox 1357 3461 1665 3530; x_wconf 90' lang='lat' dir='ltr'><strong>Senecae</strong></span> <span class='ocrx_word' id='word_1_227' title='bbox 1714 3462 1941 3530; x_wconf 88' lang='lat' dir='ltr'><strong>verbis</strong></span> <span class='ocrx_word' id='word_1_228' title='bbox 1986 3462 2204 3530; x_wconf 91' lang='lat' dir='ltr'><strong>lucet:</strong></span> <span class='ocrx_word' id='word_1_229' title='bbox 2258 3462 2526 3549; x_wconf 89' lang='lat' dir='ltr'><strong>„Nimis</strong></span> <span class='ocrx_word' id='word_1_230' title='bbox 2572 3463 2770 3533; x_wconf 89' lang='lat' dir='ltr'><strong>illum</strong></span> <span class='ocrx_word' id='word_1_231' title='bbox 2819 3462 3027 3530; x_wconf 89' lang='lat' dir='ltr'><strong>deum</strong></span> 
     </span>
     <span class='ocr_line' id='line_1_31' title="bbox 749 3566 3023 3655; baseline 0.001 -22"><span class='ocrx_word' id='word_1_232' title='bbox 749 3566 1047 3633; x_wconf 89' lang='lat' dir='ltr'><strong>otiosum</strong></span> <span class='ocrx_word' id='word_1_233' title='bbox 1112 3570 1180 3632; x_wconf 92' lang='lat' dir='ltr'><strong>et</strong></span> <span class='ocrx_word' id='word_1_234' title='bbox 1225 3566 1519 3654; x_wconf 90' lang='lat' dir='ltr'><strong>pusillae</strong></span> <span class='ocrx_word' id='word_1_235' title='bbox 1565 3567 1667 3634; x_wconf 94' lang='lat' dir='ltr'><strong>rei</strong></span> <span class='ocrx_word' id='word_1_236' title='bbox 1713 3567 2112 3637; x_wconf 89' lang='lat' dir='ltr'><strong>ministrum</strong></span> <span class='ocrx_word' id='word_1_237' title='bbox 2160 3568 2363 3655; x_wconf 90' lang='lat' dir='ltr'><strong>facis,</strong></span> <span class='ocrx_word' id='word_1_238' title='bbox 2412 3570 2472 3636; x_wconf 91' lang='lat' dir='ltr'><strong>si</strong></span> <span class='ocrx_word' id='word_1_239' title='bbox 2519 3568 2672 3636; x_wconf 87' lang='lat' dir='ltr'><strong>aliis</strong></span> <span class='ocrx_word' id='word_1_240' title='bbox 2718 3569 3023 3652; x_wconf 92' lang='lat' dir='ltr'><strong>somnia,</strong></span> 
     </span>
    </p>
   </div>
   <div class='ocr_carea' id='block_1_3' title="bbox 750 3724 1142 3734">
    <p class='ocr_par' dir='ltr' id='par_1_7' title="bbox 750 3724 1142 3734">
     <span class='ocr_line' id='line_1_32' title="bbox 750 3724 1142 3734; baseline 0 1425"><span class='ocrx_word' id='word_1_241' title='bbox 750 3724 1142 3734; x_wconf 95' lang='lat' dir='ltr'><strong> </strong></span> 
     </span>
    </p>
   </div>
   <div class='ocr_carea' id='block_1_4' title="bbox 827 3827 3026 4384">
    <p class='ocr_par' dir='ltr' id='par_1_8' title="bbox 827 3827 2661 3904">
     <span class='ocr_line' id='line_1_33' title="bbox 827 3827 2661 3904; baseline 0.001 -17"><span class='ocrx_word' id='word_1_242' title='bbox 827 3828 897 3887; x_wconf 89' lang='grc' dir='ltr'><strong>Ε.</strong></span> <span class='ocrx_word' id='word_1_243' title='bbox 942 3828 1223 3886; x_wconf 72' lang='lat' dir='ltr'><strong>Zellerz</strong></span> <span class='ocrx_word' id='word_1_244' title='bbox 1279 3827 1493 3887; x_wconf 86' lang='lat' dir='ltr'><strong>Philos.</strong></span> <span class='ocrx_word' id='word_1_245' title='bbox 1535 3827 1639 3887; x_wconf 90' lang='lat' dir='ltr'><strong>der</strong></span> <span class='ocrx_word' id='word_1_246' title='bbox 1678 3827 1979 3889; x_wconf 82' lang='lat' dir='ltr'><strong>Griechen.</strong></span> <span class='ocrx_word' id='word_1_247' title='bbox 2040 3828 2144 3887; x_wconf 91' lang='lat'><strong>111.</strong></span> <span class='ocrx_word' id='word_1_248' title='bbox 2205 3845 2302 3904; x_wconf 72' lang='grc' dir='ltr'><strong>ΡΒ.</strong></span> <span class='ocrx_word' id='word_1_249' title='bbox 2346 3830 2661 3888; x_wconf 83' lang='grc'><strong>336-345</strong></span> 
     </span>
    </p>

    <p class='ocr_par' dir='ltr' id='par_1_9' title="bbox 829 3910 2646 3999">
     <span class='ocr_line' id='line_1_34' title="bbox 829 3910 2646 3999; baseline 0.001 -16"><span class='ocrx_word' id='word_1_250' title='bbox 829 3923 894 3983; x_wconf 93' lang='grc' dir='ltr'><strong>Ο.</strong></span> <span class='ocrx_word' id='word_1_251' title='bbox 938 3910 1202 3981; x_wconf 81' lang='lat' dir='ltr'><strong>Heine:</strong></span> <span class='ocrx_word' id='word_1_252' title='bbox 1258 3921 1580 3983; x_wconf 89' lang='lat' dir='ltr'><strong>Stoicorum</strong></span> <span class='ocrx_word' id='word_1_253' title='bbox 1618 3923 1690 3983; x_wconf 88' lang='lat' dir='ltr'><strong>de</strong></span> <span class='ocrx_word' id='word_1_254' title='bbox 1730 3922 1853 3984; x_wconf 83' lang='lat' dir='ltr'><strong>fato</strong></span> <span class='ocrx_word' id='word_1_255' title='bbox 1892 3924 2189 3985; x_wconf 81' lang='lat' dir='ltr'><strong>Doctrina.</strong></span> <span class='ocrx_word' id='word_1_256' title='bbox 2249 3941 2345 3999; x_wconf 73' lang='grc' dir='ltr'><strong>ΡΒ.</strong></span> <span class='ocrx_word' id='word_1_257' title='bbox 2388 3929 2646 3985; x_wconf 80' lang='lat'><strong>49—52.</strong></span> 
     </span>
    </p>

    <p class='ocr_par' dir='ltr' id='par_1_10' title="bbox 828 4017 3026 4285">
     <span class='ocr_line' id='line_1_35' title="bbox 828 4017 3026 4095; baseline 0.001 -18"><span class='ocrx_word' id='word_1_258' title='bbox 828 4019 895 4077; x_wconf 88' lang='lat' dir='ltr'><strong>F.</strong></span> <span class='ocrx_word' id='word_1_259' title='bbox 938 4019 1304 4092; x_wconf 73' lang='lat' dir='ltr'><strong>Ogereaut</strong></span> <span class='ocrx_word' id='word_1_260' title='bbox 1347 4017 1607 4092; x_wconf 76' lang='lat' dir='ltr'><strong>Systeme</strong></span> <span class='ocrx_word' id='word_1_261' title='bbox 1633 4019 2085 4094; x_wconf 85' lang='lat' dir='ltr'><strong>Philosophique</strong></span> <span class='ocrx_word' id='word_1_262' title='bbox 2113 4020 2214 4080; x_wconf 84' lang='lat' dir='ltr'><strong>des</strong></span> <span class='ocrx_word' id='word_1_263' title='bbox 2242 4019 2543 4080; x_wconf 64' lang='lat' dir='ltr'><strong>Stoiciessns.</strong></span> <span class='ocrx_word' id='word_1_264' title='bbox 2569 4037 2665 4095; x_wconf 74' lang='grc' dir='ltr'><strong>ΡΒ.</strong></span> <span class='ocrx_word' id='word_1_265' title='bbox 2689 4024 3026 4081; x_wconf 76' lang='grc'><strong>256-259.</strong></span> 
     </span>
     <span class='ocr_line' id='line_1_36' title="bbox 836 4114 2947 4200; baseline 0.001 -28"><span class='ocrx_word' id='word_1_266' title='bbox 836 4116 895 4189; x_wconf 93' lang='grc'><strong>1)</strong></span> <span class='ocrx_word' id='word_1_267' title='bbox 937 4115 1056 4173; x_wconf 85' lang='lat' dir='ltr'><strong>Cic.</strong></span> <span class='ocrx_word' id='word_1_268' title='bbox 1099 4114 1171 4173; x_wconf 88' lang='lat' dir='ltr'><strong>de</strong></span> <span class='ocrx_word' id='word_1_269' title='bbox 1210 4114 1401 4173; x_wconf 88' lang='lat' dir='ltr'><strong>Divin.</strong></span> <span class='ocrx_word' id='word_1_270' title='bbox 1444 4115 1805 4174; x_wconf 70' lang='lat'><strong>12562128.</strong></span> <span class='ocrx_word' id='word_1_271' title='bbox 2107 4121 2170 4185; x_wconf 80' lang='lat'><strong>2)</strong></span> <span class='ocrx_word' id='word_1_272' title='bbox 2214 4116 2333 4175; x_wconf 86' lang='lat' dir='ltr'><strong>Cic.</strong></span> <span class='ocrx_word' id='word_1_273' title='bbox 2375 4116 2447 4200; x_wconf 82' lang='lat' dir='ltr'><strong>de</strong></span> <span class='ocrx_word' id='word_1_274' title='bbox 2486 4116 2616 4176; x_wconf 86' lang='lat' dir='ltr'><strong>Div.</strong></span> <span class='ocrx_word' id='word_1_275' title='bbox 2658 4117 2786 4176; x_wconf 75' lang='lat'><strong>126</strong></span> <span class='ocrx_word' id='word_1_276' title='bbox 2812 4142 2825 4175; x_wconf 73' lang='grc' dir='ltr'><strong>ε</strong></span> <span class='ocrx_word' id='word_1_277' title='bbox 2855 4123 2947 4175; x_wconf 88' lang='grc'><strong>10.</strong></span> 
     </span>
     <span class='ocr_line' id='line_1_37' title="bbox 830 4209 2794 4285; baseline 0.002 -16"><span class='ocrx_word' id='word_1_278' title='bbox 830 4214 891 4283; x_wconf 84' lang='grc'><strong>3)</strong></span> <span class='ocrx_word' id='word_1_279' title='bbox 930 4210 1078 4270; x_wconf 89' lang='lat' dir='ltr'><strong>Xen.</strong></span> <span class='ocrx_word' id='word_1_280' title='bbox 1122 4209 1329 4284; x_wconf 76' lang='lat' dir='ltr'><strong>Cyrop.</strong></span> <span class='ocrx_word' id='word_1_281' title='bbox 1371 4210 1656 4271; x_wconf 61' lang='lat'>1:624&amp;</span> <span class='ocrx_word' id='word_1_282' title='bbox 1978 4215 2040 4285; x_wconf 83' lang='lat'><strong>4)</strong></span> <span class='ocrx_word' id='word_1_283' title='bbox 2083 4210 2202 4271; x_wconf 87' lang='lat' dir='ltr'><strong>Cic.</strong></span> <span class='ocrx_word' id='word_1_284' title='bbox 2243 4211 2316 4271; x_wconf 90' lang='lat' dir='ltr'><strong>de</strong></span> <span class='ocrx_word' id='word_1_285' title='bbox 2356 4212 2488 4272; x_wconf 86' lang='lat' dir='ltr'><strong>Div.</strong></span> <span class='ocrx_word' id='word_1_286' title='bbox 2530 4212 2794 4274; x_wconf 73' lang='lat'><strong>1:6212.</strong></span> 
     </span>
    </p>

    <p class='ocr_par' dir='ltr' id='par_1_11' title="bbox 830 4302 2690 4384">
     <span class='ocr_line' id='line_1_38' title="bbox 830 4302 2690 4384; baseline 0.002 -20"><span class='ocrx_word' id='word_1_287' title='bbox 830 4304 899 4384; x_wconf 82' lang='lat'><strong>5)</strong></span> <span class='ocrx_word' id='word_1_288' title='bbox 941 4304 1061 4365; x_wconf 87' lang='lat' dir='ltr'><strong>Civ.</strong></span> <span class='ocrx_word' id='word_1_289' title='bbox 1101 4304 1174 4364; x_wconf 90' lang='lat' dir='ltr'><strong>de</strong></span> <span class='ocrx_word' id='word_1_290' title='bbox 1212 4305 1405 4367; x_wconf 83' lang='lat' dir='ltr'><strong>Divin.</strong></span> <span class='ocrx_word' id='word_1_291' title='bbox 1445 4302 1813 4371; x_wconf 75' lang='lat'><strong>1:562127.</strong></span> <span class='ocrx_word' id='word_1_292' title='bbox 2684 4351 2690 4357; x_wconf 80' lang='lat'><strong>.</strong></span> 
     </span>
    </p>
   </div>
  </div>
 </body>
</html>
