3434 5159
1535 359 1630 429 95

439 586 590 657 aliis
635 591 794 656 exta
839 584 1145 674 disponit
1161 608 1180 662 ς
1226 582 1365 651 ista
1408 580 1865 649 nihilominus
1913 580 2149 649 divina
2197 600 2327 671 ope
2360 588 2723 673 geruntur,

439 694 559 761 sed
626 713 766 760 non
830 710 872 759 a
932 688 1063 757 deo
1124 706 1400 778 pennae
1476 687 1712 755 avium
1773 692 2146 776 reguntur,
2194 708 2325 755 nec
2372 688 2723 776 pecudum

447 799 710 867 viscera
758 797 888 866 sub
937 796 1088 884 ipsa
1133 795 1362 863 securi
1407 792 1818 861 formantur.
1908 791 2067 860 Alia
2112 794 2380 861 ratione
2426 795 2724 862 fatorum

438 905 651 972 series
698 902 1117 991 explicatur,
1167 900 1429 968 indicia
1474 899 1750 967 venturi
1793 898 2058 986 ubique
2104 901 2557 987 praemittens
2575 952 2591 985 ,
2642 920 2727 966 ex

439 1009 693 1097 quibus
753 1007 956 1075 nobis
1019 1006 1361 1094 quaedam
1417 1004 1817 1089 familiaria,
1868 1004 2212 1092 quaedam
2258 1006 2496 1094 ignota
2541 1009 2726 1073 sunt.

440 1111 795 1201 Quidquid
854 1111 970 1199 fit,
1029 1111 1322 1178 alicuius
1381 1110 1483 1177 rei
1544 1109 1818 1177 futurae
1880 1109 2160 1198 signum
2224 1115 2360 1178 est:
2411 1110 2725 1194 fortuita,

440 1224 509 1286 et
553 1219 706 1286 sine
751 1218 1022 1285 ratione
1069 1235 1276 1304 vaga,
1327 1214 1833 1282 divinationem
1880 1234 2024 1281 non
2070 1215 2439 1304 recipiunt.
2514 1214 2729 1285 Cuius

437 1324 540 1391 rei
601 1322 770 1391 ordo
833 1326 970 1406 est,
1038 1322 1247 1388 etiam
1312 1319 1691 1408 praedictio
1756 1320 1924 1387 est.'’
1991 1324 2119 1387 etc.
2154 1319 2210 1407 1)
2307 1319 2532 1409 Supra
2588 1321 2730 1388 iam

440 1429 740 1497 dixerat:
791 1427 986 1513 „Hoc
1035 1431 1270 1493 autem
1315 1424 1500 1491 inter
1546 1444 1673 1491 nos
1723 1430 1792 1491 et
1836 1424 2131 1510 TuscOS,
2168 1424 2422 1512 quibus
2454 1445 2732 1494 summa

440 1532 1081 1622 persequendorum
1159 1529 1536 1598 fulminum
1614 1534 1720 1597 est
1789 1530 2115 1616 scientia,
2188 1531 2496 1600 interest.
2591 1530 2731 1598 Nos

441 1644 769 1726 putamus
833 1636 1018 1726 quod
1083 1634 1309 1703 nubes
1373 1634 1651 1702 collisae
1695 1639 1896 1711 sunt,
1942 1633 2099 1702 ideo
2146 1634 2440 1703 fulmina
2487 1636 2731 1703 emitti.

441 1743 580 1832 Ipsi
629 1743 1062 1827 existimant,
1113 1739 1338 1808 nubes
1386 1739 1650 1822 collidi,
1702 1745 1780 1808 ut
1824 1738 2121 1808 fulmina
2166 1742 2636 1809 emittantur.''
2670 1742 2730 1829 2)

530 1846 713 1914 Satis
773 1845 1095 1914 mirabile
1142 1851 1220 1915 ut
1266 1842 1437 1911 fides
1485 1845 1926 1913 oraculorum
1975 1846 2433 1934 ominumque
2483 1846 2732 1914 animis

442 1953 916 2020 Romanorum
977 1949 1358 2018 inhaesisse
1406 1949 1757 2034 videatur,
1808 1969 1974 2017 nam
2020 1951 2160 2019 fere
2207 1971 2451 2020 omnes
2497 1972 2730 2020 rerum

457 2059 862 2146 scriptoreS,
913 2056 1232 2145 quamvis
1280 2055 1432 2122 aliis
1477 2055 1553 2121 in
1598 2054 1810 2123 rebus
1856 2056 2234 2144 increduli,
2268 2062 2503 2125 tamen
2536 2058 2735 2146 signa

451 2168 520 2229 et
564 2162 879 2252 prodigia
925 2167 1509 2244 commemorant3
1545 2161 1715 2247 quin
1749 2162 1898 2249 ipse
1934 2160 2243 2247 TacituS,
2278 2163 2399 2249 qui
2430 2163 2734 2230 maxime

455 2288 494 2335 a
542 2268 1031 2356 superstitione
1079 2266 1438 2351 abhorret,
1486 2265 1825 2335 miraculo
1873 2265 2105 2354 aliquo
2152 2273 2467 2351 narratO,
2508 2268 2732 2353 addit,

451 2378 529 2441 ut
591 2372 997 2460 conquirere
1061 2371 1376 2439 fabulosa
1423 2376 1490 2438 et
1536 2369 1714 2439 fictis
1761 2370 2107 2438 oblectare
2152 2371 2535 2460 legentium
2584 2374 2734 2439 ani-

449 2497 601 2544 mos
650 2477 888 2566 procul
937 2478 1267 2567 gravitate
1315 2476 1542 2563 coepti
1586 2476 1817 2564 operis
1865 2475 2265 2563 crediderit,
2314 2477 2409 2544 ita
2441 2477 2736 2567 vulgatis

455 2582 858 2670 traditisque
905 2582 1184 2649 demere
1230 2580 1442 2649 fidem
1489 2601 1564 2648 se
1613 2600 1756 2648 non
1806 2579 2083 2649 audere.
2115 2580 2198 2669 3).

526 2687 664 2755 His
710 2688 921 2777 igitur
965 2686 1403 2776 praemissis,
1454 2686 1815 2754 videamus
1863 2707 2037 2754 num
2086 2686 2413 2757 Lucanus
2459 2707 2737 2775 quoque

451 2792 661 2860 fidem
709 2792 1120 2860 divinationi
1167 2791 1638 2881 prodigiisque
1686 2790 2032 2859 adhibeat.

541 2897 622 2965 In
672 2896 1028 2965 Pharsalia
1074 2896 1480 2985 saepissime
1510 2896 1862 2986 prodigia,
1896 2897 2131 2964 omina
2151 2950 2168 2983 ,
2203 2898 2517 2985 oracula,
2552 2918 2735 2965 som·
2770 2928 2959 2968 Laeana.
2986 2938 3052 2967 m
3081 2928 3143 2989 ως

452 3003 707 3092 niaque
787 3007 1320 3087 commemorat,
1401 3006 1468 3069 et
1545 3002 1800 3069 diserte
1869 3001 2166 3070 affirmat
2236 3003 2558 3071 homines
2624 3023 2737 3071 res
2767 2986 2886 3088 {²322
2913 2991 3145 3085 pffiifmm

451 3108 716 3176 futuras
762 3109 943 3176 scire
990 3127 1213 3196 posse.
1308 3105 1487 3177 Cum
1534 3109 1723 3175 enim
1773 3107 2028 3175 milites
2077 3108 2496 3176 clamoribus
2535 3128 2738 3197 proe-

452 3213 623 3282 lium
686 3214 1165 3302 poposcissent
1220 3211 1734 3302 Pompeiusque
1780 3213 2040 3281 invitus
2086 3231 2393 3301 pugnam
2441 3212 2737 3281 Pharsa-

451 3317 658 3386 licam
734 3318 1167 3385 committere
1235 3317 1683 3403 decrevisset,
1756 3318 2066 3387 Fortuna
2133 3323 2462 3385 venturos
2535 3338 2741 3386 casus

452 3441 576 3511 per
637 3422 891 3491 multas
951 3428 1153 3490 notas
1214 3422 1504 3511 prodere
1565 3443 1708 3490 non
1760 3423 2127 3491 abstinuit:
2160 3422 2220 3510 4)
2271 3428 2455 3492 totus
2504 3424 2741 3491 aether

376 3545 386 3556 ·
459 3527 897 3596 venientibus
943 3526 1239 3614 obstitit,
1274 3528 1472 3616 signa
1505 3528 1620 3594 vix
1651 3528 1797 3596 solo
1828 3526 2100 3596 revulsa
2131 3527 2437 3596 lacrimis
2468 3535 2740 3613 rorant,

455 3634 737 3700 victima
785 3632 872 3700 ab
919 3652 1040 3701 ara
1085 3633 1291 3721 fugit,
1342 3632 1717 3721 multisque
1765 3633 1917 3701 aliis
1948 3632 2282 3722 prodigiis
2315 3635 2741 3702 enumeratis

456 3743 652 3828 rogat
697 3724 933 3826 poeta:

745 3946 855 3954 ——-

542 4082 605 4159 1)
650 4081 783 4142 Seu.
828 4079 1063 4155 Quaest.
1104 4081 1243 4144 Nat.
1283 4081 1386 4143 11:
1419 4088 1515 4143 32.

536 4182 597 4251 2)
637 4177 876 4237 Ibidem.
959 4178 1168 4238 Totum
1210 4187 1384 4253 caput
1422 4180 1719 4253 perlegere
1760 4194 1969 4253 operae
2008 4181 2257 4254 pretium
2298 4186 2405 4240 est.

538 4278 599 4347 3)
642 4274 826 4333 Tacit.
870 4275 1021 4333 Hist.
1064 4275 1295 4335 11:50.

537 4372 600 4444 4)
642 4369 842 4429 Phars.
884 4369 992 4428 VII
1022 4389 1038 4428 ε
1071 4374 1182 4428 151
1228 4386 1315 4443 sq.
