3434 5159
1874 287 1970 357 20

997 512 1156 599 „Di‚
1207 532 1505 601 quorum
1552 531 1754 581 curas
1801 510 2089 579 abduxit
2134 510 2223 577 ab
2270 510 2549 578 aethere
2597 507 2833 595 tellus,

995 614 1493 702 Romanusque
1540 612 1799 681 labor.”
1836 612 1893 699 1)

862 718 1269 788 Ciceronem
1338 722 1573 786 autem
1641 715 1975 804 Pompeio
2044 716 2152 783 his
2222 716 2451 783 verbis
2512 713 2923 783 suadentem
2971 719 3049 784 ut

771 842 1077 912 pugnam
1125 823 1543 907 committat,
1592 820 1889 904 inducit,
1942 839 2368 907 quamquam
2420 839 2504 886 ex
2552 820 2702 887 eius
2735 819 3047 906 epistulis

770 927 935 994 satis
983 930 1250 994 constat
1296 925 1428 992 hoc
1473 925 1679 1012 plane
1713 943 1754 991 a
1784 924 2069 991 veritate
2104 922 2505 990 abhorrere:
2558 921 2706 1007 „De
2738 922 3038 1009 superiS,

769 1031 1038 1119 ingrate
1056 1082 1074 1114 ,
1107 1030 1312 1096 times
1328 1029 1365 1095 ‘2
1400 1047 1822 1114 causamque
1845 1032 2126 1095 senatus
2153 1027 2433 1094 credere
2458 1026 2563 1093 dis
2588 1025 2865 1094 dubitas
2885 1026 2964 1092 ‘I'’
2984 1025 3042 1112 2)

865 1133 1001 1201 Sed
1046 1133 1158 1201 his
1203 1132 1374 1200 locis
1419 1133 1631 1200 verba
1677 1138 1821 1199 tam
1872 1137 2057 1200 arcte
2104 1152 2265 1201 cum
2310 1150 2549 1199 rerum
2580 1150 2767 1198 nexu
2799 1129 3045 1197 cohae-

769 1244 961 1323 rent,
1027 1243 1171 1306 tam
1233 1237 1681 1306 manifestum
1746 1241 1850 1304 est
1913 1256 1994 1304 ea
2057 1238 2267 1305 verba
2314 1256 2464 1304 esse
2512 1239 3045 1326 „argumentum

771 1343 859 1411 ad
925 1342 1344 1428 hominem”‚
1416 1347 1494 1411 ut
1561 1342 1792 1424 aiunt,
1869 1341 2120 1408 animis
2183 1341 2483 1410 militurn
2555 1345 2673 1410 aut
2733 1338 3047 1427 Pompeii

772 1446 1327 1522 accommodata,
1411 1450 1490 1514 ut
1571 1445 1686 1513 hic
1769 1446 2051 1533 quidem
2133 1446 2518 1513 sententiae
2596 1443 2910 1512 Caesaris
2980 1447 3048 1509 et

772 1551 1160 1632 CiceroniS‚
1224 1570 1368 1617 non
1415 1555 1656 1638 poetae
1701 1550 1920 1637 ipsius
1974 1549 2322 1637 expositae
2367 1550 2767 1633 videantur,
2817 1566 3046 1635 neque

772 1676 854 1722 ex
888 1656 995 1722 his
1028 1660 1213 1722 certe
1246 1654 1659 1722 concludere
1692 1654 1894 1721 liceat
1927 1660 2202 1741 poetam
2235 1654 2708 1741 providentiae
2735 1652 3041 1735 credere3

770 1763 968 1847 putat
1045 1758 1328 1847 quidem
1398 1757 1562 1824 deos
1631 1778 1780 1825 esse
1848 1777 2097 1845 resque
2165 1757 2507 1826 humanas
2575 1776 2851 1846 regere,
2923 1755 3040 1823 sed

772 1862 1176 1930 hominibus
1222 1860 1726 1928 infensissimos
1747 1915 1764 1948 ,
1814 1880 1957 1929 non
2002 1863 2214 1950 igitur
2258 1861 2700 1950 providentes
2747 1878 2864 1928 eos
2909 1858 3038 1926 sibi

772 1966 1113 2033 informat.

364 2103 475 2165 num
503 2104 661 2165 Lucani,
688 2104 750 2166 m!
823 2142 826 2146 ,
863 2069 1177 2137 Forsitan
1227 2068 1434 2136 alicui
1479 2068 1798 2136 mirabile
1843 2068 2223 2154 videbitur,
2276 2069 2459 2158 quod
2492 2070 2862 2157 quisquam
2895 2066 3041 2133 deis

365 2158 530 2260 2223?
555 2157 750 2208 ⁰¹⁹¹¹⁰²¹¹
773 2174 996 2241 saevis
1059 2178 1126 2240 et
1186 2173 1378 2240 iratis
1440 2173 1720 2241 credere
1782 2175 2005 2261 iisque
2067 2174 2339 2242 mundi·
2373 2173 3040 2241 administrationem

774 2278 1147 2347 attribuere
1169 2278 1406 2365 possit.
1440 2276 1708 2366 Religio
1736 2277 2128 2346 Christiana
2152 2279 2337 2345 enim
2358 2279 2639 2345 notione
2656 2277 2784 2345 Dei
2802 2296 3042 2343 omnes

774 2383 1105 2466 amantis,
1176 2381 1502 2449 omnibus
1565 2383 2026 2466 consulentis,
2099 2389 2349 2452 cuncta
2395 2382 2849 2471 providentiS‚
2898 2387 3040 2446 tam

770 2486 1041 2555 imbuta
1090 2491 1228 2571 est,
1277 2490 1357 2554 ut
1388 2485 1589 2553 nobis
1621 2486 1904 2573 quidem
1935 2487 2120 2556 Deus
2153 2488 2430 2555 invidus
2456 2493 2663 2574 atque
2698 2485 3043 2573 malignus

770 2610 1011 2658 revera
1068 2590 1564 2676 „contradictio
1611 2591 1684 2656 in
1734 2592 2090 2659 terminis”
2141 2611 2290 2659 esse
2335 2592 2671 2660 videatur.
2742 2588 2878 2657 Sed
2926 2588 3046 2675 qui

774 2696 1098 2778 miratur,
1161 2693 1367 2760 modo
1429 2694 1504 2760 in
1566 2695 1979 2762 memoriam
2027 2701 2301 2763 revocet
2344 2694 2502 2763 illos
2551 2696 2869 2762 homines
2917 2712 3041 2760 au-

774 2804 1022 2882 sterOS‚
1096 2797 1216 2884 qui
1277 2803 1524 2884 putent
1593 2818 1667 2864 se
1730 2818 1878 2866 esse
1939 2819 2179 2867 revera
2245 2801 2399 2887 pios
2462 2799 2889 2867 Christianos
2913 2849 2929 2882 ‚
2981 2802 3048 2863 at

774 2901 993 2969 multo
1027 2901 1245 2989 magis
1273 2900 1598 2969 delectari
1632 2902 1997 2971 videantur
2027 2923 2252 2991 poena
2286 2910 2567 2971 aeterna
2600 2900 3046 2989 exponenda,

775 3025 913 3102 qua
979 3005 1163 3073 Deus
1233 3025 1382 3089 eOS,
1455 3007 1574 3093 qui
1642 3009 2116 3093 peccaverint,
2189 3007 2558 3077 affecturus
2627 3008 2746 3090 sit,
2839 3024 3045 3093 quam

777 3130 1013 3177 amore
1074 3115 1139 3177 et
1201 3109 1568 3177 clementia
1613 3110 1739 3178 Dei
1785 3112 2270 3199 praedicanda.
2364 3111 2520 3179 Non
2569 3110 2788 3199 magis
2837 3129 3046 3196 quam

776 3214 1100 3282 Lucanus
1175 3213 1248 3281 hi
1308 3215 1545 3281 miseri
1605 3214 1829 3283 Deum
1891 3216 2025 3283 sibi
2084 3216 2458 3282 informare
2524 3220 2847 3302 possunt,
2931 3213 3050 3299 qui

777 3317 1094 3385 homines
1160 3323 1237 3385 ut
1297 3324 1492 3405 pater
1553 3318 1776 3408 diligit
1796 3320 1881 3404 3),
1949 3320 2070 3406 qui
2124 3320 2387 3387 mavult
2431 3320 2788 3407 ignoscere
2830 3336 3042 3404 quam

776 3423 1061 3509 punire,
1123 3421 1243 3488 sed
1303 3423 1647 3509 imprimis
1707 3423 1962 3492 talibus
2023 3424 2335 3492 versibus
2397 3422 2651 3510 partim
2712 3441 2750 3487 e
2796 3421 3042 3488 Vetere

779 3524 1081 3592 Foedere
1142 3527 1438 3613 sumptis
1498 3527 1852 3595 nituntur:
1918 3528 2105 3615 „Ego
2161 3527 2345 3596 Deus
2404 3534 2567 3602 tuus
2626 3525 2809 3594 Deus
2855 3525 3048 3592 sortis

781 3629 1030 3696 zelotes
1099 3649 1286 3715 sum,
1358 3630 1643 3698 visitans
1710 3631 2150 3718 iniquitatem
2218 3637 2496 3719 patrum
2565 3632 2639 3697 in
2711 3628 2924 3714 filios,
2974 3629 3048 3696 in

781 3738 1066 3820 nepotes
1137 3733 1690 3822 abnepotesque”
1722 3733 1782 3823 4)
1854 3739 1920 3802 et
1991 3736 2236 3802 acerbe
2304 3739 2584 3823 rogant:
2656 3732 3052 3821 „quomodo

781 3837 1083 3929 effugere
1125 3839 1401 3925 possitis
1448 3838 2100 3906 condemnationem
2149 3838 2589 3928 gehennae‘?”
2608 3837 2667 3924 ⁵)
2711 3844 2780 3904 et
2809 3837 3052 3925 impri-

867 4088 923 4158 1)
963 4084 1163 4143 Phara.
1207 4082 1513 4142 vnn-311.
1757 4087 1818 4157 2)
1860 4082 2063 4142 Phars.
2105 4083 2495 4143 Vuae—7.

864 4183 924 4253 3)
967 4178 1053 4237 Cf.
1098 4184 1132 4238 2
1175 4178 1372 4238 Thess,
1423 4184 1448 4235 1
1476 4200 1491 4236 ε
1516 4182 1569 4236 9.
1812 4180 1875 4251 4)
1915 4178 2151 4239 Exodus
2194 4184 2368 4239 2025
2411 4185 2472 4240 et
2509 4180 2682 4241 alibi.·

864 4277 926 4350 5)
966 4273 1150 4335 Math.
1193 4277 1426 4333 23:33.
