3434 5159
1499 319 1634 388 105

436 544 802 615 laenderus
846 543 903 634 ¹)
967 563 1121 613 eam
1183 543 1272 613 ob
1335 564 1483 612 rem
1543 547 1743 633 putat
1804 543 2166 614 Lucanum
2227 544 2449 613 totum
2511 544 2700 613 huno

440 673 805 722 excursum
861 651 947 720 ad
993 650 1231 720 odium
1277 651 1353 719 in
1399 650 1748 720 Neronem
1797 650 2241 720 conflandum
2288 650 2662 719 inseruisse
2680 703 2699 734 ,

440 758 759 849 expositis
853 758 987 826 illis
1070 758 1285 827 sacris
1302 810 1320 845 ,
1413 757 1667 848 quibus
1760 757 2120 827 constabat
2204 756 2699 847 Imperatorem

438 885 877 955 summopere
922 864 1269 934 delectari.
1308 881 1314 887 ·

527 971 743 1041 Nobis
804 971 1086 1061 quidem
1105 1024 1122 1058 ,
1185 969 1611 1061 digressione
1669 968 2068 1062 diligentius
2127 969 2431 1060 perlecta
2449 1022 2467 1056 ,
2530 968 2703 1038 haec

439 1078 737 1169 suspicio
812 1079 978 1147 satis
1052 1078 1256 1169 longe
1330 1078 1544 1169 petita
1622 1097 1772 1147 esse
1792 1131 1811 1165 ‚
1892 1083 1957 1146 et
2034 1097 2147 1147 res
2226 1076 2430 1167 longe
2507 1078 2703 1145 aliter

441 1205 516 1253 se
573 1184 830 1254 habere
883 1184 1176 1254 videtur.
1267 1184 1448 1253 Nam
1493 1189 1571 1254 ut
1613 1185 1758 1253 iam
1801 1204 2014 1275 supra
2059 1184 2323 1254 dictum
2372 1189 2475 1253 est
2493 1238 2510 1272 ,
2558 1185 2704 1253 deis

440 1291 774 1361 miracula
832 1291 1244 1361 facientibus
1307 1292 1652 1382 abrogatis
1669 1345 1686 1380 ,
1751 1296 1957 1382 poeta
2018 1291 2171 1360 aliis
2214 1290 2527 1359 mirificis
2572 1291 2705 1359 sibi

442 1418 614 1488 opus
685 1418 834 1467 esse
909 1398 1291 1482 intellexit,
1377 1403 1454 1468 ut
1528 1398 1859 1468 lectorem
1933 1397 2335 1468 Romanum
2358 1451 2376 1483 ,
2454 1399 2705 1468 talibus

442 1511 791 1574 assuetum
815 1558 832 1591 ,
895 1505 1297 1574 delectaret:
1362 1505 1494 1574 hoc
1556 1505 1843 1576 consilio
1904 1511 1973 1575 et
2023 1505 2177 1574 illas
2224 1505 2706 1574 convulsiones

442 1618 510 1680 et
555 1611 820 1680 rabiem
867 1611 1150 1700 Pythiae
1171 1664 1189 1698 ,
1240 1613 1326 1681 ab
1373 1611 1598 1702 Appio
1630 1612 2018 1699 consultae,
2054 1617 2122 1681 et
2151 1613 2278 1681 has
2309 1610 2493 1679 diras
2525 1620 2706 1679 artes

440 1719 739 1809 magicas
785 1717 1254 1807 ErichthoniS,
1302 1719 1658 1789 horrorem
1690 1720 2136 1806 incutientes,
2172 1724 2241 1787 et
2269 1717 2464 1787 illam
2495 1718 2707 1785 mira-

439 1823 650 1894 bilem
713 1831 1007 1894 mortem
1069 1825 1369 1895 Scaevae
1432 1826 1858 1896 centurionis
1919 1832 2063 1894 tam
2111 1825 2349 1895 multis
2393 1823 2706 1892 versibus

442 1930 772 2020 depinxit.
864 1932 967 2000 Ex
1030 1931 1148 2000 illa
1208 1932 1603 2002 narratione
1663 1933 1874 2024 igitur
1922 1933 2007 2001 de
2054 1932 2291 2001 anima
2337 1951 2421 1998 ex
2465 1930 2705 1999 inferis
2761 1927 2768 1936 ’

442 2042 752 2124 evocata,
816 2058 957 2106 non
1017 2045 1344 2131 putamus
1406 2039 1787 2129 quidquam
1834 2038 1920 2107 de
1967 2039 2234 2109 Lucani
2280 2037 2500 2128 ipsius
2545 2057 2703 2106 sen-

441 2143 658 2211 tentia
703 2164 904 2234 posse
951 2144 1165 2233 effici;
1217 2165 1384 2214 nam
1432 2152 1533 2215 est
1583 2145 2028 2237 amplificatio
2075 2145 2364 2237 poetica.
2734 2145 2737 2149 ’

532 2249 724 2331 Quae
784 2252 993 2341 igitur
1046 2258 1290 2342 poetae
1351 2254 1694 2322 sententia
1755 2252 1841 2321 de
1881 2253 2304 2321 divinatione
2337 2256 2438 2320 est
2456 2252 2492 2318 ⁶?
2570 2249 2703 2318 Per
2728 2263 3109 2360 ffiess‘ffiffigsscd·

442 2361 662 2427 totum
710 2377 991 2426 carmen
1051 2359 1395 2450 prodigia,
1463 2360 1730 2447 omina,
1780 2359 2089 2445 oracula,
2138 2378 2280 2428 uno
2326 2358 2475 2426 loco
2517 2377 2700 2425 som·
2726 2373 2926 2437 senserit,
3067 2349 3077 2361 “

446 2464 677 2551 nium,
765 2471 1295 2554 commemorat,
1382 2487 1610 2555 neque
1703 2485 2045 2555 umquam
2122 2485 2204 2533 ea
2280 2465 2355 2532 in
2434 2463 2707 2533 dubita·
2821 2496 2825 2502 ·

444 2569 704 2639 tionem
752 2577 967 2641 vocat.
1046 2572 1371 2642 Lucanus
1415 2573 1626 2663 igitur
1656 2571 2020 2641 scientiam
2050 2592 2287 2642 rerum
2320 2571 2707 2640 futurarum

447 2675 1056 2768 efficacitatemque
1147 2679 1588 2748 divinationis
1679 2688 1750 2747 et
1811 2678 2249 2748 oraculorum
2296 2678 2447 2746 sine
2495 2676 2706 2746 dubio

448 2784 773 2873 agnoscit,
825 2776 1111 2854 omnino
1156 2788 1366 2855 etiam
1396 2788 1528 2855 hac
1557 2787 1633 2854 in
1664 2807 1741 2854 re
1774 2806 1935 2855 cum
1967 2785 2215 2854 Stoicis
2248 2784 2701 2870 convenienS,

448 2891 566 2978 qui
642 2891 870 2979 specie
940 2892 1385 2982 opinionibus
1454 2892 1855 2983 vulgaribus
1923 2913 1999 2962 se
2068 2890 2704 2975 accommodantes,

448 3015 686 3065 revera
729 3016 841 3067 res
887 2997 1070 3088 ipsas
1119 2999 1319 3068 aliter
1363 2998 1815 3090 accipiebant.

532 3305 588 3376 1)
633 3299 1223 3378 „Sittengeschiohte”
1261 3301 1346 3360 111
1385 3318 1480 3376 pg.
1527 3303 1639 3364 710
1661 3317 1747 3375 sq.
1791 3305 1851 3359 et
1887 3301 2042 3360 locos
2085 3302 2157 3360 ab
2199 3316 2268 3360 eo
2306 3298 2587 3359 laudatos.
