3434 5159
1767 340 1860 410 84

669 563 1140 634 Nihilominus
1202 564 1321 633 illa
1383 564 1690 633 Fortuna
1738 563 2016 651 saepius
2067 562 2302 631 rivalis
2351 569 2417 631 et
2464 565 2739 634 aemula
2787 565 2951 634 deo-

668 690 828 738 rum
876 671 948 738 in
996 670 1207 739 rebus
1254 669 1728 759 gubernandis
1760 673 2001 736 exstat.
2066 669 2191 735 Dei
2224 673 2293 736 et
2323 669 2631 737 Fortuna
2665 671 2948 739 alternis

667 776 740 842 in
788 795 1115 843 scaenam
1163 775 1539 863 prodeunt,
1591 779 1797 862 prout
1841 778 2143 842 metrum
2193 773 2570 842 desiderat:
2636 776 2947 863 plerum-

667 900 803 967 que
866 900 906 947 a
966 880 1235 968 dactylo
1297 886 1418 948 aut
1478 878 1787 967 spondeo
1849 878 2140 966 pendet,
2205 900 2378 947 num
2425 879 2752 948 Lucanus
2798 881 2945 948 deis

667 1003 758 1053 an
803 985 941 1052 fato
989 983 1200 1052 fidem
1248 984 1590 1052 adhibeat.
1686 982 1779 1050 At
1824 983 2237 1071 plerumque
2284 984 2591 1052 Fortuna
2635 985 2839 1053 nobis
2871 1006 2945 1053 se

664 1089 888 1174 offert,
939 1088 1094 1177 plus
1142 1109 1353 1177 quam
1403 1089 1519 1156 alii
1566 1088 1679 1155 dei
1725 1089 2090 1156 invocatur
2123 1094 2191 1155 et
2222 1089 2378 1176 plus
2411 1088 2941 1157 tumultuatur.’'

754 1194 940 1263 Num
1003 1195 1158 1281 quis
1214 1193 1419 1260 hodie
1465 1193 1597 1260 1100
1649 1192 2024 1277 iudicium,
2076 1194 2393 1280 quamvis
2441 1190 2669 1281 lepide
2718 1199 2787 1261 et
2832 1215 2942 1261 re-

662 1320 823 1367 vera
886 1298 1403 1387 franco-gallice
1463 1297 1812 1386 prolatum
1831 1349 1848 1382 ,
1922 1297 2432 1385 amplexabitur
2458 1299 2494 1365 ‘2
2571 1298 2942 1368 Nescimus

663 1425 878 1494 quare
940 1403 1057 1471 ille
1118 1407 1359 1472 auctor
1423 1402 1847 1470 clarissimus
1910 1410 2146 1470 nostro
2203 1408 2449 1488 poetae
2496 1404 2749 1470 misero
2800 1410 2943 1471 tam

659 1510 973 1578 infensus
1036 1509 1158 1591 sit,
1231 1528 1441 1596 quem
1503 1528 1631 1596 per
1693 1513 1916 1575 totum
1981 1528 2155 1596 opus
2221 1508 2550 1576 conviciis
2615 1508 2945 1576 insectari

662 1634 801 1681 non
852 1614 1207 1702 fatigatur,
1258 1613 1379 1679 sed
1427 1612 1877 1680 vehementer
1922 1631 2295 1701 negamuS,
2344 1618 2667 1680 accurata
2708 1614 2942 1700 inqui-

660 1719 909 1786 sitione
957 1717 1306 1803 instituta,
1357 1716 1722 1785 Lucanum
1767 1721 2047 1804 poetam
2094 1717 2305 1785 fuisse
2350 1723 2495 1784 tam
2529 1717 2826 1802 fatuum,
2863 1726 2942 1786 ut

659 1824 734 1890 in
800 1823 1109 1891 carmine
1174 1820 1417 1889 altiora
1478 1822 1815 1908 spirante,
1890 1841 2034 1887 non
2096 1822 2170 1887 in
2234 1820 2592 1889 comoedia
2655 1822 2942 1890 auribus

662 1928 886 2015 plebis
935 1933 1128 2015 apta,
1194 1926 1404 1995 simul
1467 1925 1740 1994 duobus
1803 1925 2213 1994 numinibus
2235 1979 2251 2009 ‚
2312 1945 2594 2014 prorsus
2641 1927 2823 1992 inter
2869 1947 2942 1994 se

661 2031 1215 2122 repugnantibus
1235 2084 1252 2117 ,
1302 2051 1538 2098 rerum
1587 2030 2259 2098 administrationem
2311 2030 2721 2098 attribuerit.

252 2158 432 2198 Fortuna
477 2156 583 2219 idqm
754 2138 977 2205 Immo
1038 2155 1201 2203 vero
1263 2136 1631 2220 iteramus,
1692 2156 1731 2203 e
1777 2136 1945 2203 locis
1993 2137 2132 2203 iam
2180 2155 2393 2223 supra
2440 2135 2739 2204 laudatis
2785 2135 2939 2204 luce

253 2210 470 2304 iincfft‘fm
505 2221 584 2261 '¹⁸'
666 2242 917 2311 clarius
965 2246 1200 2329 patere
1249 2241 1629 2309 Fortunam
1676 2241 2103 2328 ubicumque
2142 2242 2217 2308 in
2259 2240 2649 2327 Pharsalia,
2689 2239 2942 2330 (tribus

662 2349 831 2415 locis
895 2344 1229 2434 exceptis)
1281 2366 1430 2414 esse
1479 2353 1599 2415 aut
1651 2346 1871 2415 fatum
1916 2347 2184 2435 ipsum,
2236 2351 2312 2414 ut
2360 2346 2562 2413 deam
2609 2366 2940 2435 persona-

659 2453 796 2520 lem
859 2452 1241 2540 depictam,
1309 2457 1428 2519 aut
1489 2452 1686 2539 quasi
1753 2451 2175 2538 ministram,
2240 2452 2360 2519 fati
2422 2451 2699 2519 decreta
2746 2472 2927 2519 exse·

661 2563 1013 2646 quentem.

252 2690 462 2752 samguis
491 2689 613 2729 neit·
757 2663 1153 2750 Antequam
1210 2661 1343 2729 hoc
1391 2662 1599 2728 etiam
1651 2661 2041 2729 accuratius
2089 2660 2678 2745 dernonstremuS,
2730 2661 2937 2728 etiam

255 2742 392 2784 ¹⁰¹¹⁶¹''
668 2768 901 2855 opinio
949 2767 1113 2833 satis
1147 2766 1324 2833 mira
1357 2765 1655 2833 auctoris
1686 2765 2051 2833 Brittanici
2083 2765 2693 2832 commemoranda
2726 2771 2856 2851 est,
2879 2764 2935 2854 1)

661 2873 894 2960 aliqua
956 2870 1389 2939 dubitatione
1453 2870 1736 2957 quidem
1794 2871 1894 2938 sic
1941 2890 2300 2958 expressa:
2351 2868 2472 2955 „Si
2518 2871 2935 2938 sententiam

661 2978 825 3045 satis
887 2976 1222 3045 audacem
1288 2974 1533 3044 afferre
1590 2975 1846 3060 ausim,
1900 2975 2195 3041 dixerim
2242 2973 2750 3062 philosophiam
2798 2974 2938 3042 Lu-

661 3083 818 3150 cani
880 3081 1315 3151 dubitantem
1376 3082 1525 3148 eius
1573 3080 1859 3167 ancipiti
1906 3078 2250 3147 sententia
2297 3079 2383 3145 de
2430 3099 2666 3147 rerum
2716 3079 2939 3146 admi-

661 3188 1069 3255 nistratione
1103 3207 1499 3275 expressam
1532 3206 1702 3253 esse.
1753 3185 1924 3252 Mihi
1955 3186 2173 3252 fatum
2210 3190 2280 3251 et
2311 3184 2587 3252 fortuna
2619 3185 2940 3252 notiones

662 3291 890 3360 Stoica
936 3298 1004 3360 et
1052 3292 1391 3380 Epicurea
1438 3291 1794 3358 videntur:
1845 3290 2066 3358 fatum
2113 3289 2578 3377 impersonale
2621 3295 2759 3372 est,
2793 3289 2940 3357 deis

661 3398 1155 3486 praesumptiS,
1207 3397 1511 3466 Fortuna
1571 3396 1771 3484 quasi
1807 3415 2105 3483 persona
2138 3394 2513 3480 inducitur,
2548 3400 2628 3463 ut
2657 3394 2942 3483 reliquis

661 3502 808 3570 deis
852 3501 1294 3570 valedicatur.

751 3605 863 3674 Nil
927 3606 1183 3673 mirum
1245 3606 1488 3695 igitur,
1552 3606 1612 3673 si
1668 3625 1950 3693 perraro
1998 3609 2117 3673 aut
2164 3623 2553 3691 numquam
2601 3604 2675 3671 in
2722 3603 2938 3670 Phar-

660 3711 832 3780 salia
875 3711 1057 3778 inter
1102 3710 1320 3779 fatum
1369 3716 1436 3778 et
1481 3710 1863 3778 Fortunam
1904 3710 2236 3799 distingui
2267 3714 2528 3798 potest:
2564 3714 2729 3776 sunt
2761 3707 2938 3776 duae

660 3815 1180 3885 informationes
1227 3815 1536 3883 diversae
1584 3815 1893 3884 eiusdem
1941 3816 2107 3883 rei.'’

749 3921 908 3989 Non
951 3923 1049 3991 ita
1095 3925 1316 4010 patet,
1366 3920 1533 4009 quid
1579 3927 1819 3989 auctor
1857 3920 2100 3989 doctus
2132 3920 2361 3988 dicere
2393 3917 2594 3986 velit:
2630 3918 2689 3985 si
2718 3917 2937 3986 fatum

662 4028 852 4096 enim
916 4032 981 4095 et
1043 4026 1349 4095 Fortuna
1410 4026 1596 4095 idem
1659 4025 2091 4116 significant,
2139 4031 2218 4094 ut
2264 4023 2465 4092 nobis
2512 4043 2789 4112 quoque
2834 4022 2937 4088 vi-

749 4270 802 4334 l)
858 4265 946 4326 Of.
1007 4265 1359 4340 prooemium
1418 4262 1492 4323 ab
1554 4259 1886 4345 Heitlandio
1946 4259 2184 4319 editioni
2245 4258 2602 4319 Brittanicae
2616 4303 2633 4334 ‚
2662 4233 2669 4239 ’
2700 4262 2938 4317 curante

660 4362 944 4437 HaskinS,
986 4360 1300 4439 praefixum
1340 4376 1437 4436 pg.
1477 4357 1578 4422 LI.
