3434 5159
1492 352 1579 451 97

501 581 759 669 Mirum
789 588 1131 672 quantum
1161 579 1278 649 illa
1307 580 1518 649 verba
1551 597 1711 648 cum
1744 576 2086 646 sententia
2117 580 2391 643 nostrae
2422 574 2665 641 aetatis

414 690 862 777 conveniant,
910 708 1057 757 esse
1104 707 1462 756 summum
1506 684 1771 754 bonum
1818 703 1928 752 res
1959 683 2223 752 futuras
2253 681 2460 750 huius
2491 680 2674 746 vitae

417 798 708 864 miserae
779 795 1066 863 nescire.
1160 793 1296 862 Sed
1364 813 1613 883 parum
1682 790 1909 860 Stoice
1976 789 2238 858 dictum
2300 793 2435 873 est,
2499 784 2679 874 quod

418 905 674 993 optime
722 902 1146 970 demonstrat
1191 900 1555 990 opiniones
1587 898 1856 968 Lucani
1886 895 2286 986 saepissime
2317 893 2686 977 fluctuare,

421 1029 580 1079 cum
627 1008 833 1076 modo
879 1007 1384 1097 philosophiam
1433 1004 1898 1095 amplexatur,
1948 1002 2152 1070 modo
2199 1001 2474 1069 deserit.

508 1113 665 1182 Non
727 1115 933 1182 modo
998 1135 1122 1204 per
1182 1113 1494 1204 prodigia
1541 1132 1650 1180 res
1696 1111 1961 1179 futuras
2009 1108 2326 1197 aperiunt
2374 1107 2519 1191 dei,
2568 1104 2687 1173 sed
2718 1117 2925 1214 1333?ssss
2944 1115 3054 1170 apud

424 1222 629 1289 etiam
693 1223 866 1289 extis
931 1221 1367 1289 victimarum
1428 1218 1973 1306 fulminibusque
2019 1215 2443 1284 voluntatem
2490 1233 2690 1281 suam
2929 1201 2938 1213 ’

424 1326 814 1416 significant
845 1328 918 1411 1).
1013 1326 1246 1395 Multis
1292 1326 1605 1394 versibus
1652 1324 1976 1393 Lucanus
2023 1326 2297 1407 narrat,
2346 1318 2692 1409 quomodo

374 1496 378 1501 ,
425 1433 691 1521 Arum,
758 1433 1104 1522 haruspex
1165 1433 1465 1519 Tuscus,
1528 1431 1827 1499 Romam
1890 1428 2292 1513 arcessituS,
2340 1425 2696 1511 „fulminis

424 1539 707 1608 edoctus
776 1544 1004 1607 motus
1073 1559 1424 1627 venasque
1476 1537 1796 1621 ,calentes
1866 1534 2200 1603 fibrarum
2263 1539 2331 1601 et
2391 1533 2697 1600 monitus

428 1645 772 1713 volitantis
818 1646 891 1712 in
940 1665 1096 1713 aere
1128 1645 1472 1734 pennae‚’'
1500 1644 1558 1731 2)
1593 1643 1839 1712 urbem
1872 1642 2303 1725 lustraverit,
2340 1639 2694 1707 victimam

428 1750 945 1837 sacrificaverit,
996 1757 1151 1819 exta
1189 1752 1600 1840 inspexerit,
1633 1749 2072 1840 pessimaque
2102 1748 2301 1838 signa
2334 1745 2698 1836 acceperit.

435 1857 609 1926 Tum
657 1857 942 1947 Figulus
989 1858 1402 1946 astrologus,
1454 1856 1618 1940 „cui
1660 1875 1825 1924 cura
1874 1854 2038 1922 deos
2086 1857 2485 1941 secretaque
2526 1850 2698 1919 coeli

433 1984 635 2031 nosse
681 1962 889 2050 fuit,''
938 1984 975 2031 e
1022 1963 1234 2031 stellis
1283 1963 1586 2031 maxima
1631 1961 1818 2029 mala
1862 1959 2219 2051 praedixit.
2251 1959 2313 2049 3)

518 2069 846 2137 Erichtho
893 2080 1169 2160 quoque
1217 2069 1654 2159 astrologiam
1702 2066 2047 2156 agnoscit,
2096 2066 2216 2134 sed
2255 2067 2462 2134 iactat
2494 2085 2694 2135 suam

434 2181 651 2243 artem
701 2177 911 2244 etiam
957 2176 1263 2244 siderum
1310 2175 1691 2265 potentiam
1739 2193 1939 2263 posse
1985 2192 2313 2262 superare
2343 2171 2427 2262 4).

521 2280 766 2349 Statim
835 2283 910 2350 in
973 2281 1208 2351 oculos
1253 2281 1581 2367 incurrit,
1629 2280 2025 2364 Lucanum,
2077 2279 2195 2367 qui
2242 2278 2568 2347 omnibus
2614 2278 2699 2345 de

434 2387 639 2457 rebus
706 2388 956 2457 divinis
1016 2395 1161 2457 tam
1222 2408 1428 2478 saepe
1490 2388 1791 2474 dubitet,
1844 2387 1930 2454 de
1977 2388 2106 2455 hac
2152 2387 2365 2456 futuri
2411 2387 2700 2455 scientia

436 2514 819 2582 numquam
882 2494 1104 2564 ullum
1166 2494 1456 2563 verbum
1513 2494 1837 2563 dubitans
1883 2494 1955 2562 in
2003 2493 2313 2561 medium
2361 2493 2665 2583 proferre
2685 2546 2701 2574 ‚

434 2601 616 2687 quod
665 2607 1154 2690 argumentum
1201 2621 1285 2669 ex
1331 2600 1604 2669 silentio
1649 2600 1833 2690 apud
1864 2600 2074 2668 talem
2105 2607 2383 2689 poetam
2417 2600 2705 2667 maximi

435 2707 770 2774 momenti
831 2712 967 2788 est,
1032 2707 1336 2795 satisque
1398 2705 1643 2795 probat
1705 2727 1867 2775 eum
1931 2706 2205 2775 firmam
2267 2705 2475 2775 fidem
2532 2705 2706 2773 divi-

438 2814 704 2881 nationi
750 2813 1167 2883 adhibuisse.

526 2919 767 3009 Neque
814 2921 1093 2989 oracula
1137 2939 1525 2988 memorare
1572 2920 1859 3005 omittit3
1893 2920 2110 2988 immo
2142 2920 2405 3011 origine
2437 2919 2694 2988 oraculi
2724 2950 2915 2992 Lucanus
2944 2951 3111 3002 saepius

2727 3004 2893 3046 oracula
2938 3015 3109 3045 comme·

376 3034 379 3037 ’
442 3025 753 3113 Delphici
821 3026 1068 3095 tradita
1087 3080 1104 3113 ,
1178 3026 1537 3116 permultis
1599 3026 1910 3095 versibus
1979 3031 2245 3111 narrat,
2312 3046 2448 3115 quo
2495 3025 2700 3093 modo
2728 3061 2871 3099 morat.

442 3130 707 3220 Appius
765 3131 1083 3220 Pythiam
1147 3133 1550 3202 sciscitetur.
1645 3131 1769 3200 Ille
1827 3133 1934 3200 vir
1993 3132 2185 3200 fortis
2240 3132 2429 3199 enim
2475 3131 2707 3216 „solus

521 3356 581 3430 l)
624 3355 749 3426 Quo
788 3350 956 3412 modo
993 3351 1172 3411 Stoici
1200 3352 1347 3412 hanc
1372 3351 1781 3433 divinationem
1808 3353 2116 3428 explicent,
2146 3370 2179 3413 e
2204 3354 2392 3413 verbis
2420 3353 2708 3414 Ciceronis

438 3454 628 3524 patet:
685 3448 843 3523 „Sed
890 3465 1011 3521 ⁴non
1064 3448 1254 3522 placet
1309 3447 1516 3508 Stoicis
1533 3490 1550 3525 ,
1607 3448 1849 3522 singulis
1902 3450 2153 3509 iecorum
2195 3448 2345 3509 fissis
2385 3455 2485 3510 aut
2522 3451 2709 3511 avium

440 3545 696 3605 cantibus
750 3545 1029 3604 interesse
1082 3544 1283 3620 deum3
1340 3561 1521 3618 neque
1577 3546 1726 3604 enim
1768 3544 2033 3605 decorum
2076 3551 2164 3606 est
2202 3563 2309 3606 nec
2348 3546 2436 3606 dis
2477 3546 2707 3620 dignum

438 3658 544 3700 nec
580 3640 704 3700 fieri
745 3642 861 3700 ullo
903 3646 1075 3715 pacto
1115 3645 1337 3716 potest3
1381 3641 1481 3700 sed
1519 3642 1604 3701 ita
1643 3657 1679 3700 a
1716 3642 2002 3717 principio
2041 3643 2368 3704 inchoatum
2396 3660 2520 3703 esse
2547 3661 2709 3703 mun-

439 3737 572 3797 dum
588 3782 606 3813 ,
661 3743 727 3797 ut
778 3739 951 3797 certis
1005 3737 1175 3796 rebus
1217 3743 1375 3796 certa
1414 3738 1579 3811 signa
1616 3744 2079 3815 praecurrerent,
2126 3741 2240 3800 alia
2278 3741 2339 3799 in
2380 3741 2551 3817 extis,
2597 3741 2711 3800 alia

440 3835 499 3892 in
543 3836 738 3893 axibus
782 3833 930 3894 etc.’'
972 3832 1042 3893 cf.
1084 3834 1173 3894 De
1210 3834 1403 3894 Divin.
1430 3834 1634 3894 1:52:
1661 3841 1774 3894 118
1799 3835 1872 3896 cf.
1902 3836 2175 3896 Senecam
2203 3836 2708 3911 supralaudatum.

523 3933 585 4007 2)
626 3931 826 3991 Phars.
867 3931 1108 3990 1:587.
1887 3942 1893 3951 ’
2509 3936 2536 3969 0

524 4029 584 4103 3)
627 4026 712 4088 cf.
766 4028 968 4087 PharS.
1010 4028 1443 4088 12589—672.
1487 4025 1557 4086 cf.
1600 4028 1774 4088 etiam
1814 4029 1996 4088 Tacit.
2036 4028 2186 4087 Ann.
2230 4028 2355 4087 VI:
2388 4033 2483 4088 22.
2564 4029 2710 4104 „Ce-

442 4128 626 4184 terum
680 4124 939 4198 plurimis
993 4123 1316 4183 mortalium
1375 4140 1491 4183 non
1532 4125 1826 4203 eximitur,
1865 4126 2003 4198 quin
2042 4126 2226 4198 primo
2268 4126 2538 4199 cuiusque
2579 4131 2710 4186 ortu

442 4224 684 4280 ventura
718 4218 1128 4279 destinentur.”
1182 4220 1338 4291 Quae
1378 4221 1554 4281 verba
1594 4221 1782 4280 Taciti
1821 4221 2217 4281 demonstrant
2255 4239 2422 4295 quam
2448 4239 2709 4296 magnam

441 4314 611 4376 fidem
649 4316 850 4391 vulgus
890 4316 1061 4389 primi
1100 4317 1313 4375 saeculi
1351 4334 1410 4390 p.
1454 4316 1517 4377 Ο.
1559 4335 1613 4376 n.
1661 4318 1775 4378 arti
1815 4318 2157 4392 astrologiae
2197 4317 2536 4380 adhibuerit.

523 4415 583 4488 4)
625 4413 826 4472 Phars.
869 4412 949 4472 VI
979 4430 993 4471 ε
1026 4417 1318 4473 607—10.
2327 4413 2331 4416 ⁴

2486 4529 2510 4581 7
