3434 5159
1584 345 1676 416 37

491 576 740 642 tiorem
802 573 937 664 sibi
992 571 1254 661 fingere
1300 575 1559 659 potest,
1607 569 1706 636 ita
1750 573 1830 638 ut
1875 566 2083 635 etiam
2133 566 2336 636 multi
2381 565 2775 656 putaverint

492 699 650 750 eum
717 697 959 746 revera
1025 676 1289 765 primas
1357 679 1590 764 partes
1652 674 1728 742 in
1774 671 2129 740 Pharsalia
2176 692 2379 761 agere
2398 669 2448 761 ‚)
2508 671 2779 741 inducit

493 784 694 873 quasi
740 783 1247 852 confessionem
1294 779 1600 849 Stoicam
1646 778 2089 869 profitentem
2109 831 2126 863 ‚
2178 778 2431 866 quibus
2463 777 2777 847 versibus

492 889 667 958 nulli
735 894 899 957 sunt
968 886 1344 955 nobiliores
1413 891 1480 954 et
1547 885 1871 953 clariores
1890 937 1907 971 ‚
1972 883 2149 953 nulli
2210 882 2640 972 pulchriores
2700 883 2775 950 in

490 993 816 1062 omnibus
878 992 1122 1060 litteris
1187 991 1471 1059 Latinis.
1580 990 1868 1058 Deserta
1928 987 2207 1058 Africae
2268 993 2739 1078 transgressus
2756 1041 2773 1073 ,

491 1105 698 1187 atque
770 1098 902 1168 iter
960 1097 1223 1165 faciens
1286 1096 1374 1166 ad
1438 1095 1682 1164 Iubam
1705 1149 1722 1182 ,
1786 1094 1956 1164 Cato
2016 1094 2208 1163 venit
2270 1093 2358 1162 ad
2433 1093 2775 1182 templum

489 1202 670 1271 Iovis
729 1202 1145 1271 Hammonis
1210 1200 1673 1282 clarissimum
1693 1251 1710 1285 ,
1775 1200 2225 1289 Labienoque
2287 1198 2643 1277 suadenti,
2700 1204 2775 1268 ut

491 1308 852 1377 oraculum
896 1307 984 1375 de
1030 1311 1285 1375 eventu
1330 1304 1497 1374 belli
1543 1305 1967 1392 consuleret,
2022 1304 2123 1373 sic
2167 1303 2559 1394 respondit:

579 1413 792 1501 „quid
839 1412 1114 1501 quaeri,
1165 1411 1508 1497 Labiene,
1557 1411 1810 1480 iubes‘?
1875 1464 1890 1479 .
1990 1463 2004 1478 .
2101 1463 2116 1478 .
2211 1461 2227 1477 .

578 1518 948 1587 haeremus
994 1517 1228 1586 cuncti
1274 1516 1560 1606 Superis
1579 1570 1596 1604 ,
1647 1516 2047 1606 temploque
2093 1519 2380 1608 tacente

577 1623 700 1690 ni]
746 1624 1063 1712 agimus
1110 1623 1279 1691 nisi
1327 1628 1624 1711 sponte
1670 1622 1839 1690 dei:
1889 1641 2020 1690 nec
2065 1620 2352 1690 vocibus
2396 1616 2556 1688 ullis

579 1746 843 1796 numen
889 1733 1076 1817 eget:
1127 1726 1439 1815 dixitque
1485 1726 1703 1795 semel
1751 1726 2204 1795 nascentibus
2252 1729 2492 1794 auctor

577 1831 915 1921 quidquid
961 1832 1139 1900 scire
1184 1830 1380 1900 licet:
1431 1831 1699 1924 steriles
1747 1850 1879 1899 nec
1924 1831 2091 1921 legit
2135 1831 2435 1899 harenas

581 1942 659 2004 ut
707 1942 987 2004 caneret
1031 1937 1307 2025 pauciS,
1355 1938 1736 2026 mersitque
1783 1937 1916 2005 hoc
1959 1937 2246 2026 pulvere
2291 1954 2537 2004 verum

579 2045 867 2130 estque
915 2041 1045 2109 dei
1091 2041 1363 2127 sedeS,
1412 2041 1555 2111 ubi
1602 2049 1825 2110 terra
1871 2049 1951 2110 et
1991 2046 2293 2131 pontus
2340 2045 2418 2109 et
2465 2059 2600 2108 aer

578 2149 645 2213 et
693 2145 965 2215 caelum
1013 2150 1079 2213 et
1127 2146 1366 2214 virtus,
1461 2143 1765 2235 Superos
1812 2145 1980 2235 quid
2028 2146 2430 2235 quaerimus
2476 2143 2659 2213 ultra
2676 2143 2713 2210 ‘2

577 2249 951 2340 Iuppiter
1000 2256 1121 2320 est
1167 2251 1741 2341 quodcumque
1787 2251 2018 2320 vides
2064 2251 2644 2341 quodcumque

2256 2354 2674 2425 moveriS.’'
2710 2352 2765 2442 l)

575 2457 771 2527 Dicet
833 2460 1117 2528 fortasse
1183 2459 1436 2550 aliquis
1496 2461 1606 2529 his
1668 2482 1708 2529 e
1754 2461 2016 2549 verbis,
2090 2481 2269 2551 quae
2313 2460 2769 2530 fundamenta

477 2569 544 2632 et
608 2564 953 2654 principia
1016 2565 1288 2634 Stoicae
1351 2567 1436 2634 de
1501 2565 1644 2634 Deo
1707 2567 2073 2635 doctrinae
2138 2565 2531 2648 continent,
2582 2569 2768 2633 certe

482 2667 763 2737 Catonis
826 2672 1246 2739 sententiam
1308 2690 1641 2760 apparere
1664 2725 1683 2757 ,
1733 2692 1877 2739 non
1922 2676 2160 2740 tamen
2209 2670 2477 2739 Lucani
2520 2670 2764 2759 ipsius,

477 2773 552 2841 Si
584 2780 822 2843 tamen
856 2781 1126 2844 constat
1155 2781 1435 2865 poetam
1467 2797 1592 2865 per
1622 2782 1848 2846 totum
1883 2797 2166 2846 carmen
2197 2775 2398 2845 illum
2422 2774 2760 2870 Catonem

476 2885 554 2947 ut
630 2880 1030 2976 exemplum
1105 2880 1409 2949 hominis
1479 2882 1812 2974 sapientis
1874 2886 1943 2950 et
2005 2881 2258 2974 nobilis
2274 2934 2293 2968 ,
2357 2880 2633 2948 honesti
2689 2884 2760 2947 et

470 2983 672 3072 probi
717 2982 1128 3075 depingere,
1189 2986 1502 3074 sequitur
1548 2992 1625 3056 ut
1671 3005 1712 3054 a
1762 2985 2023 3055 Catone
2071 2986 2463 3075 discrepare
2509 2990 2579 3053 et
2624 2984 2760 3053 dis-

471 3089 728 3157 sentire
799 3089 864 3156 ei
931 3089 1073 3158 fere
1142 3097 1344 3178 turpe
1412 3090 1639 3159 visum
1711 3091 1801 3158 sit
1871 3091 2095 3179 iisque
2169 3089 2480 3159 versibus
2548 3089 2756 3158 modo

473 3191 696 3261 allatis
742 3194 954 3262 etiam
1001 3196 1346 3263 sententia
1393 3183 1612 3283 ipsius
1657 3200 1907 3284 poetae
1954 3200 2362 3284 exponatur.

562 3295 909 3367 Omnibus
954 3299 1166 3388 igitur
1210 3319 1338 3367 nos
1386 3285 1893 3369 adducentibus
1912 3352 1929 3386 ‚
1979 3306 2056 3369 ut
2095 3319 2506 3389 persuasum
2538 3297 2752 3367 habe·
2776 3317 2885 3412 ggq-
2924 3318 3121 3412 doctri-1⁰2¹

472 3421 671 3471 amus
717 3402 1084 3472 Lucanum
1130 3403 1441 3472 Stoicum
1489 3423 1691 3494 agere
1709 3458 1727 3490 ,
1777 3424 2195 3493 quaeramus
2241 3403 2587 3496 quomodo
2619 3404 2752 3472 hoc
2776 3423 2820 3466 in
2835 3381 3163 3476 «ἰῗιῖῖἶῖἐνιιαῗῗ

471 3512 806 3597 congruat
851 3528 1014 3577 cum
1061 3508 1219 3576 odio
1267 3514 1335 3575 et
1379 3510 1483 3577 ira
1529 3510 1604 3577 in
1651 3509 1852 3597 deoS‚
1904 3531 2066 3579 cum
2108 3509 2456 3598 imprimis
2480 3508 2755 3577 Seneca

471 3612 620 3680 eius
679 3618 1001 3701 patrum,
1066 3632 1341 3701 semper
1404 3617 1472 3680 et
1534 3614 1796 3703 ubique
1844 3614 2454 3684 mansuetudinem
2501 3619 2571 3703 et
2617 3613 2756 3681 cle-

470 3717 808 3784 mentiam
871 3716 1160 3786 deorum
1221 3717 1591 3806 praedicet.
1689 3720 2049 3788 Invehitur
2108 3719 2225 3787 ille
2279 3720 2357 3787 in
2417 3738 2534 3787 eos
2551 3771 2569 3806 ‚
2633 3718 2755 3807 qui

470 3820 679 3890 deum
741 3813 1043 3908 timent}
1087 3822 1298 3909 „deos
1361 3842 1569 3891 nemo
1631 3843 1845 3892 sanus
1902 3824 2132 3909 timet3
2181 3823 2370 3891 furor
2416 3828 2518 3890 est
2564 3823 2753 3890 enim

468 3931 778 3994 metuere
823 3927 1183 4014 salutaria,
1233 3947 1364 3995 nec
1409 3928 1781 4016 quisquam
1830 3934 2016 3997 amat
2060 3948 2235 4016 quos
2280 3928 2499 3996 timet.
2530 3925 2591 4014 2)

550 4178 608 4248 1)
669 4174 854 4234 Phars
903 4176 1029 4235 IX:
1053 4179 1386 4237 566—584.
1469 4176 1679 4237 Nonne
1739 4177 1884 4238 haec
1943 4176 2065 4238 fere
2128 4177 2329 4238 eadem
2390 4192 2461 4237 ac
2499 4174 2751 4237 Senecae

464 4270 675 4347 verba,
718 4286 895 4345 supra
933 4271 1138 4346 allata,
1186 4271 1363 4332 sunt?
1424 4270 1496 4332 cf.
1539 4289 1635 4347 pg.
1680 4277 1778 4333 35.

548 4369 610 4434 2)
655 4365 877 4428 Seneca.
915 4365 1114 4429 Benef.
1156 4367 1276 4428 IV:
1302 4373 1414 4427 19:
1442 4374 1494 4428 1.
