3434 5159
1822 385 1960 456 100

762 605 1043 675 nefastis
1104 607 1385 676 secretis
1448 607 1611 676 artis
1674 607 2004 698 magicae.
2097 607 2275 679 Tum
2339 609 2625 681 Sextum
2687 612 3017 701 illudens,

763 712 951 782 addit
995 719 1198 803 poeta
1242 713 1537 782 ironice:

1161 871 1730 893 ......
1712 819 2149 910 ‚miseroque
2195 822 2537 911 liquebat,

1157 925 1334 994 scire
1379 945 1626 1014 parum
1674 927 2021 1014 superosl'
2060 926 2114 1017 ¹)

355 1052 573 1117 omnum
599 1052 714 1094 :ova
850 1031 1092 1121 Neque
1168 1033 1436 1099 minore
1504 1032 1835 1122 religione
1903 1032 1989 1100 de
2058 1033 2334 1102 oraculo
2405 1033 2583 1104 Iovis
2652 1034 3024 1105 Ammonis

355 1109 575 1149 'mmm‘
757 1138 916 1228 agit.
1007 1137 1260 1206 Milites
1321 1138 1509 1206 enim
1572 1137 1919 1227 Pompeii,
1986 1137 2244 1207 Catone
2308 1139 2483 1208 duce
2504 1195 2521 1228 ‚
2580 1161 2701 1230 per
2749 1142 3022 1211 deserta

755 1244 1027 1313 Africae
1084 1245 1216 1313 iter
1273 1243 1637 1329 facienteS,
1687 1243 2022 1313 Catonem
2070 1251 2268 1313 orant
2315 1252 2389 1315 ut
2437 1246 2607 1316 illud
2655 1250 3014 1319 oraculum

755 1351 841 1418 de
898 1350 1127 1420 futuro
1189 1350 1519 1420 consulat.
1593 1350 1822 1419 Verba
1882 1350 2204 1436 Labieni,
2273 1354 2604 1438 „maximi
2653 1355 3020 1424 hortatoris

754 1457 1105 1527 scrutandi
1152 1476 1316 1526 voce
1362 1457 1648 1526 deorum
1696 1458 2048 1544 eventus''‚
2097 1477 2521 1548 quamquam
2564 1461 2729 1529 satis
2762 1461 2980 1531 multa
3002 1515 3020 1549 ,

755 1564 964 1655 digna
1022 1569 1184 1632 sunt
1246 1583 1423 1653 quae
1483 1561 1885 1649 afferantur,
1951 1564 2133 1653 quod
2198 1567 2612 1635 sententiam
2660 1567 3017 1657 vulgarem

754 1671 1012 1760 optime
1058 1670 1477 1777 exprimunt.

889 1830 902 1845 .
1219 1830 1233 1844 .
1550 1774 1759 1858 „Sors
1804 1775 2083 1864 obtulit,
2130 1778 2389 1866 inquit,

888 1890 956 1953 et
998 1884 1272 1953 fortuna
1317 1882 1467 1951 viae
1512 1889 1656 1950 tam
1704 1882 1940 1972 magni
1985 1883 2295 1951 numinis
2342 1904 2460 1952 ora

887 1990 1388 2077 consiliumque
1435 1989 1581 2056 dei:
1630 1995 1823 2057 tanto
1870 1988 2044 2057 duce
2090 2009 2459 2078 possumus
2510 1990 2608 2057 uti

886 2118 1011 2186 per
1055 2096 1285 2185 Syrtes
1331 2094 1630 2185 bellique
1677 2093 1872 2162 datos
1922 2115 2334 2185 cognoscere
2383 2115 2604 2165 casus,

886 2223 1050 2271 nam
1100 2203 1212 2270 cui
1258 2201 1668 2270 crediderim
1715 2221 2002 2289 superos
2049 2221 2302 2269 arcana
2348 2202 2628 2271 daturos

886 2309 1324 2397 dicturosque
1372 2307 1591 2397 magis
1637 2327 1848 2396 quam
1903 2313 2141 2376 sancto
2187 2327 2351 2376 vera
2399 2307 2685 2377 Catoni‘?

887 2421 1068 2484 certe
1115 2415 1253 2482 vita
1298 2414 1426 2482 tibi
1471 2433 1748 2503 semper
1793 2413 2054 2481 directa
2099 2434 2437 2502 supernas

886 2522 969 2590 ad
1019 2523 1201 2611 leges
1247 2521 1693 2610 sequerisque
1742 2519 1971 2588 deum.
2021 2520 2225 2588 datur
2270 2540 2430 2589 ecce
2475 2520 2804 2610 loquendi

885 2650 1045 2698 cum
1091 2627 1250 2696 Iove
1294 2626 1610 2695 libertas:
1661 2626 1936 2715 inquire
1983 2626 2057 2693 in
2105 2627 2243 2694 fata
2288 2626 2568 2695 nefandi

888 2734 1196 2804 Caesaris
1242 2738 1310 2802 et
1354 2733 1616 2822 patriae
1660 2736 1989 2800 venturos
2035 2738 2278 2801 excute
2323 2753 2585 2803 mores:

885 2966 1138 3037 quaere
1185 2945 1350 3035 quid
1398 2949 1501 3012 est
1545 2944 1763 3013 virtus
1810 2950 1878 3011 et
1922 2964 2128 3034 posce
2175 2945 2527 3035 exemplar
2572 2944 2982 3028 honesti.”2)

350 3102 559 3145 Quomodo
604 3102 727 3145 mh„
842 3053 1206 3124 Summam
1255 3050 1782 3120 admirationem
1832 3056 2061 3118 movet
2104 3070 2514 3140 responsum
2550 3049 2863 3119 Catonis:
2898 3049 3015 3118 ille

349 3157 515 3251 ‘233¹'ss
540 3157 685 3210 ΜΨ·
752 3162 1073 3253 princeps
1142 3158 1562 3242 Stoicorum,
1635 3175 1773 3245 quo
1834 3176 2041 3223 nemo
2106 3157 2324 3246 magis
2380 3157 2650 3247 placitis
2715 3157 3011 3225 Zenonis

753 3267 1062 3338 imbutus
1125 3270 1302 3351 erat,
1369 3269 1437 3332 et
1498 3263 1719 3353 magis
1763 3262 2106 3330 rationem
2154 3263 2333 3330 vitae
2379 3262 2466 3331 ad
2512 3264 2662 3344 eius
2707 3262 3010 3352 philoso-

732 3376 990 3466 phiam
1033 3373 1460 3456 instituerat,
1510 3369 1624 3438 ille
1674 3367 1841 3437 Cato
1888 3368 2171 3437 totidem
2220 3368 2448 3437 verbis
2493 3369 2768 3438 oracula
2815 3388 3007 3459 sper-

754 3482 891 3564 nit,
938 3480 1129 3548 omni
1175 3478 1574 3547 auctoritate
1620 3475 1705 3544 iis
1752 3474 2179 3543 abiudicata!

841 3587 1064 3655 Locus
1140 3589 1240 3653 est
1311 3582 1828 3653 concelebratus
1898 3586 1964 3648 et
2033 3580 2356 3649 omnibus
2425 3581 2852 3670 temporibus
2922 3581 3009 3649 ab

751 3711 1171 3783 unoquoque
1230 3689 1578 3776 laudatuS‚
1644 3709 1682 3756 e
1729 3692 1874 3757 tota
1916 3686 2271 3755 Pharsalia
2317 3689 2466 3755 sine
2514 3686 2723 3755 dubio
2772 3687 3008 3756 claris-

750 3802 988 3870 simus.
1082 3798 1521 3884 Quamquam
1582 3813 1819 3883 supra,
1888 3792 2021 3861 alio
2085 3814 2305 3880 nexu,
2371 3793 2625 3883 partim
2671 3794 2812 3861 iam
2858 3794 3008 3863 lau-

751 3908 892 3978 dati
923 3911 1113 3994 sunt,
1144 3904 1345 3973 liceat
1376 3902 1502 3970 hos
1534 3920 1773 3969 versus
1792 3955 1809 3987 ‚
1841 3899 2350 3990 perspicuitatis
2383 3918 2591 3971 causa
2621 3919 2864 3968 rursus
2896 3899 3010 3967 hic
3058 3920 3067 3932 ·

750 4013 1012 4085 afferre.
1106 4011 1272 4081 Cato
1297 4007 1722 4098 respondet:

837 4120 1051 4211 „quid
1097 4117 1369 4209 quaeri,
1420 4114 1757 4199 Labiene,
1807 4113 2057 4181 iubes‘?
2107 4132 2196 4181 an
2240 4111 2418 4181 liber
2461 4112 2536 4181 in
2584 4111 2795 4180 armis

838 4226 1244 4296 occubuisse
1291 4222 1495 4291 velim
1543 4220 1772 4310 potius
1820 4239 2030 4307 quam
2074 4239 2288 4309 regna
2332 4219 2619 4287 videre‘?

815 4404 888 4534 ἰ)
929 4455 1128 4518 Phars.
1166 4456 1446 4535 ‘vlz43a
1847 4451 1905 4525 2)
1947 4449 2146 4511 Phara.
2187 4449 2469 4513 1x=550.
