3434 5159
1810 348 1903 418 60

802 569 1046 661 Neque
1115 572 1351 643 minus
1418 577 1623 662 poeta
1692 571 1879 639 cives
1938 570 2295 641 Brundisii
2359 573 2742 663 vituperat,
2808 577 2998 665 quod

715 675 946 746 hostes
990 677 1331 768 recipiant
1378 678 1630 767 portis:

1077 836 1092 851 .
1303 837 1317 851 .
1412 802 1630 872 „quas
1676 802 1924 851 omnes
1967 782 2265 851 solverat
2309 782 2504 852 urbis

1079 908 1258 957 cum
1304 888 1473 956 fato
1520 907 1922 956 conversa
1967 887 2245 956 fides.”
2280 886 2337 976 1)
3038 965 3054 971 „

804 991 942 1059 Sed
1003 993 1349 1083 imprimis
1411 1014 1449 1061 e
1512 993 1742 1061 verbis
1766 1046 1783 1078 ,
1857 1011 2037 1080 quae
2101 997 2302 1081 poeta
2362 991 2465 1064 illi
2526 993 2724 1062 foedo
2787 1001 3000 1084 atque

715 1095 978 1164 nefario
1048 1099 1317 1168 suasori
1378 1097 1787 1181 Ptolemaei,
1856 1096 2189 1180 Pothino,
2256 1115 2494 1186 regem
2558 1097 2644 1166 ad
2707 1098 2999 1167 caedem

716 1199 1031 1290 Pompeii
1088 1202 1443 1290 incitanti,
1502 1201 1782 1287 tribuit,
1832 1202 1998 1269 satis
2044 1206 2332 1290 apparet
2376 1221 2589 1290 quam
2634 1207 2839 1293 turpe
2886 1203 2997 1271 illi

715 1305 1033 1374 videatur
1079 1307 1388 1376 infelices
1406 1360 1423 1393 ,
1476 1328 1516 1375 a
1563 1307 1700 1375 fato
1748 1305 2263 1395 pessumdatOS‚
2313 1304 2667 1378 deserere:

891 1410 1054 1495 „dat
1102 1432 1365 1501 poenas
1411 1412 1691 1481 laudata
1740 1409 1944 1496 fides,
1996 1430 2157 1480 cum
2202 1411 2537 1497 sustinet,
2583 1411 2814 1501 inquit

896 1535 1070 1604 quos
1117 1516 1425 1587 Fortuna
1470 1517 1759 1607 premit:
1808 1515 1999 1583 fatis
2047 1515 2384 1603 accede,
2430 1515 2719 1605 deisque

895 1625 962 1688 et
1010 1620 1156 1689 cole
1204 1621 1472 1692 felices:
1523 1622 1816 1689 miseros
1862 1618 2080 1709 fuge.'’
2112 1618 2171 1707 ⁵2)

806 1722 898 1793 At
945 1745 1086 1795 non
1136 1726 1223 1794 ad
1271 1726 1688 1795 seditionem
1734 1726 1809 1793 in
1856 1724 2074 1793 fatum
2123 1727 2424 1793 excitare
2456 1723 2775 1793 homines
2803 1725 3000 1793 vide-

716 1835 832 1898 tur
898 1835 1137 1919 poeta;
1207 1832 1330 1900 sed
1390 1831 1622 1920 potius
1686 1833 1924 1899 censet
1984 1827 2387 1897 hominibus
2450 1828 2658 1897 licere
2720 1830 2796 1898 in
2861 1828 3002 1898 fide

716 1953 880 2023 erga
925 1934 1229 2024 aliquem
1271 1955 1744 2025 perseverare,
1791 1953 2002 2023 quem
2034 1933 2253 2003 fatum
2285 1933 2724 2022 pessumdat:
2764 1934 2998 2003 ethica

718 2057 881 2108 cum
927 2039 1066 2107 fato
1113 2046 1583 2131 repugnante,
1634 2040 2020 2130 praeceptis
2063 2038 2312 2107 ethicis
2352 2038 2742 2128 parendum
2774 2044 2999 2129 putat.

807 2143 961 2212 Uno
1020 2145 1178 2214 loco
1247 2151 1515 2231 autem,
1579 2165 1668 2214 ne
1734 2143 2115 2233 quidquam
2166 2144 2567 2213 omittamus
2586 2197 2604 2231 ,
2656 2143 3000 2214 Catonem

714 2248 983 2318 inducit
1030 2252 1447 2320 sententiam
1494 2255 1962 2340 promentem,
2011 2254 2155 2318 tam
2203 2248 2559 2319 evidenter
2590 2269 2995 2340 expressam

717 2373 800 2422 ea
860 2355 1165 2445 imagine
1227 2356 1411 2445 apud
1461 2355 1913 2445 Hippolytum
1963 2353 2080 2444 (cf.
2128 2375 2238 2444 pg.
2287 2351 2448 2443 47),
2495 2355 2780 2423 homine
2828 2376 2998 2425 cum

717 2478 890 2527 cane
939 2460 1341 2530 assimulato
1390 2459 1696 2550 plaustro
1746 2459 2055 2549 alligato,
2106 2465 2171 2527 et
2218 2459 2436 2527 invito
2484 2478 2523 2527 a
2565 2458 2704 2527 fato
2735 2465 2996 2548 tracto;

716 2563 884 2633 Cato
931 2565 1119 2633 enim
1139 2618 1157 2652 ,
1207 2586 1248 2634 a
1294 2566 1507 2635 Bruto
1548 2564 1940 2651 consultuS,
1974 2569 2210 2633 utrum
2244 2562 2658 2654 Pompeium
2691 2584 2781 2633 an
2818 2563 3001 2633 Cae-

714 2689 944 2737 sarem
991 2671 1066 2737 in
1113 2670 1294 2738 bello
1344 2670 1527 2738 civili
1571 2674 2011 2758 sequeretur,
2060 2669 2161 2737 sic
2204 2667 2597 2757 respondit:

893 2775 1347 2861 „Summum,
1399 2775 1646 2859 Brute,
1696 2773 1890 2843 nefas
1940 2774 2166 2842 civilia
2212 2772 2393 2842 bella
2439 2773 2766 2851 fatemur,

893 2879 1014 2946 sed
1061 2899 1198 2967 quo
1245 2879 1384 2949 fata
1428 2880 1714 2948 trahunt
1730 2932 1747 2964 ,
1798 2881 2015 2948 virtus
2060 2898 2305 2948 secura
2352 2877 2744 2967 sequetur-,⁹⁹
2778 2876 2838 2967 ³)

717 2983 839 3052 ubi
906 2984 1117 3073 igitur
1177 2990 1523 3053 asseverat
1583 3004 1734 3052 esse
1794 2985 2127 3074 sapientis
2192 2983 2497 3051 hominis
2560 2981 2994 3053 voluntatem

716 3088 852 3156 fato
899 3088 1327 3158 submittere.
2228 3143 2237 3151 .

803 3193 939 3262 Sed
994 3195 1205 3263 etiam
1252 3202 1403 3265 tum
1450 3196 1777 3265 Lucanus
1824 3193 2227 3263 hominibus
2274 3192 2642 3263 arbitrium
2687 3191 2991 3262 liberum

797 3440 857 3505 1)
899 3432 1102 3492 PharS.
1141 3432 1397 3492 11:704.

793 3531 854 3601 2)
976 3569 1013 3600 ‚,
1137 3527 1273 3587 VIII
1297 3545 1310 3586 :
1334 3532 1450 3587 486
1492 3528 1652 3587 locus
1693 3528 1867 3587 etiam
1908 3542 2085 3601 supra
2123 3524 2408 3584 laudatus.

795 3629 856 3694 3)
981 3666 1009 3699 ,‚
1140 3622 1517 3682 11:286—7.
1599 3622 1805 3683 Statim
1859 3627 2134 3682 revocant
2170 3622 2233 3679 in
2272 3620 2523 3679 animum
2562 3618 2742 3679 verba
2782 3618 2999 3677 Clean-

713 3719 829 3778 this
846 3763 862 3793 ,
904 3734 1082 3792 supra
1120 3718 1297 3777 allata
1311 3762 1327 3792 ,
1370 3719 1454 3778 sic
1493 3735 1529 3778 a
1570 3717 1790 3778 Seneca
1826 3719 2008 3777 latine
2048 3732 2356 3777 conversa:

1070 3812 1242 3886 „Duc
1281 3828 1401 3887 me,
1444 3828 1686 3887 parens,
1729 3813 1980 3886 celsique
2019 3812 2344 3872 dominator
2382 3810 2528 3884 poli,

1071 3924 1428 3982 quocumque
1467 3908 1722 3982 placuit:
1765 3909 1921 3966 nulla
1960 3907 2203 3982 parendi
2243 3921 2405 3965 mora
2446 3909 2553 3964 est.

1067 3997 1287 4064 Adsum
1326 4003 1598 4078 impiger:
1639 4000 1734 4063 fac
1774 4003 1958 4064 nolle:
2001 4002 2316 4062 comitabor
2356 4015 2588 4074 gemens

1068 4098 1288 4159 ducunt
1325 4100 1611 4158 volentem
1649 4095 1775 4158 fata
1788 4142 1806 4173 ,
1849 4100 2135 4157 nolentem
2178 4096 2419 4156 trahunt

1069 4194 1366 4268 malusque
1404 4194 1596 4269 patiar
1609 4238 1627 4267 ‚
1671 4192 1825 4267 quod
1864 4194 1990 4267 pati
2028 4192 2191 4252 licuit
2230 4189 2441 4251 bono”.

793 4287 882 4349 Cf.
935 4288 1113 4350 verba
1166 4288 1437 4350 Senecae.
1526 4289 1713 4363 „Quid
1767 4294 1855 4349 est
1894 4288 2034 4347 boni
2081 4287 2229 4349 viri?
2271 4286 2559 4346 Praebere
2600 4302 2662 4345 se
2698 4282 2880 4346 fato.”
2922 4285 2997 4348 de

713 4383 943 4448 Provid.
985 4387 1020 4443 5
1043 4406 1059 4444 z
1083 4389 1139 4445 5.
