3434 5159
1555 347 1645 417 33

435 573 634 641 locus
680 572 886 641 modo
933 572 1298 655 inseritur,
1346 575 1423 638 ut
1473 569 1642 638 Cato
1673 571 2110 638 occasionem
2142 570 2395 650 habeat
2428 571 2516 638 ad
2549 571 2719 639 illud

439 677 906 746 clarissimum
924 695 1339 764 responsum
1356 674 1665 743 Labieno
1688 675 2125 761 dandum‚‘de
2144 695 2281 764 quo
2300 675 2532 764 paullo
2553 681 2729 764 post.

530 782 884 871 Imprimis
940 782 1325 850 notandum
1390 786 1528 862 est,
1591 785 1669 849 ut
1732 801 1807 848 se
1868 781 2084 860 invito
2149 779 2458 850 Stoicum
2532 786 2726 868 agat,

440 908 609 955 nam
659 907 823 955 cum
872 887 1106 955 dolore
1153 892 1222 954 et
1267 886 1750 975 desperatione
1798 892 2186 954 commotus
2233 891 2450 954 totam
2497 886 2729 974 provi-

440 993 757 1061 dentiam
803 997 1037 1081 negat,
1091 990 1460 1059 exclamat:

934 1096 1366 1184 „Mentimur
1411 1094 1681 1164 Iovem
1729 1095 2087 1185 regnare.’'
2127 1098 2179 1185 ¹)

531 1200 668 1269 Sed
732 1201 920 1271 aliud
981 1203 1192 1270 etiam
1257 1202 1509 1290 dogma
1565 1200 1816 1269 Stoicis
1862 1201 2213 1289 peculiare
2261 1201 2441 1290 apud
2496 1202 2722 1270 Luca-

441 1327 618 1375 num
685 1309 1198 1395 pronuntiatur.
1291 1305 1629 1394 Discipuli
1695 1305 1993 1375 Zenonis
2064 1308 2253 1373 enim
2301 1312 2554 1395 putant
2602 1306 2730 1374 ali-

441 1412 722 1499 quando
792 1432 910 1480 eos
979 1412 1178 1498 deoS‚
1253 1411 1433 1479 Iovis
1505 1411 1896 1496 ministros,
1973 1432 2134 1480 cum
2183 1403 2728 1500 conflagratione

442 1517 659 1585 totius
721 1517 970 1585 mundi
1032 1517 1410 1606 perituroS,
1471 1515 1706 1584 Iovem
1755 1516 1981 1585 solum
2030 1516 2495 1584 immortalem
2545 1536 2730 1584 esse:

446 1622 659 1689 etiam
722 1622 856 1690 hac
920 1622 993 1689 in
1051 1642 1127 1689 re
1189 1622 1404 1711 igitur
1464 1621 1671 1688 modo
1734 1621 1994 1706 verbiS,
2056 1641 2201 1689 non
2269 1640 2512 1689 revera
2569 1641 2733 1690 cum

444 1726 784 1816 religione
852 1727 1122 1816 vulgari
1179 1727 1645 1795 consentiunt.
1678 1725 1737 1815 2)
1832 1726 2159 1796 Lucanus
2205 1730 2440 1796 autem
2487 1726 2596 1794 bis
2643 1727 2728 1793 de

451 1837 675 1900 morte
722 1833 1011 1900 deorum
1060 1832 1218 1922 agit.
1277 1828 1458 1899 Nam
1505 1830 1625 1899 illa
1670 1837 1875 1900 nocte
1922 1852 2061 1920 qua
2109 1831 2397 1910 Caesar,
2448 1852 2727 1900 summo

443 1938 757 2024 periculo
803 1937 1028 2024 soluS,
1075 1957 1288 2026 parvo
1335 1937 1613 2027 navigio
1661 1937 1934 2006 Italiam
1983 1958 2067 2006 ex
2114 1937 2325 2027 Epiro
2372 1937 2606 2026 petiit,

1220 2043 1536 2132 „rupisse
1584 2043 1909 2112 videntur

676 2147 1053 2215 concordes
1106 2146 1449 2215 elementa
1496 2167 1757 2233 moras,
1806 2167 2188 2235 rursusque
2234 2146 2460 2214 redire

677 2272 844 2319 nox
891 2271 1175 2320 manes
1223 2252 1587 2320 mixtura
1636 2253 1878 2321 deiS.”
1911 2255 1966 2339 3)

544 2356 729 2424 Alibi
776 2362 1007 2425 autem
1056 2356 1255 2425 Pluto
1304 2356 1669 2427 afflictatus
1717 2357 2000 2444 dicitur,
2052 2356 2238 2447 quod
2269 2357 2382 2424 dei
2413 2356 2729 2424 nondum

450 2462 876 2530 moriantur:

626 2573 741 2654 „et
784 2573 1012 2636 rector
1055 2574 1281 2636 terrae
1299 2622 1317 2655 ‚
1367 2588 1579 2657 quem
1627 2569 1834 2658 longa
1879 2570 1954 2637 in
1999 2566 2278 2637 saecula
2321 2572 2597 2656 torquet

630 2693 854 2741 mors
901 2673 1163 2741 dilata
1209 2673 1514 2742 deum.''
1547 2675 1610 2761 4)

540 2775 615 2843 Si
674 2783 910 2845 autem
974 2784 1242 2846 constat
1302 2779 1788 2848 tantummodo
1851 2779 2120 2847 Stoicos
2174 2778 2338 2847 deos
2400 2776 2728 2847 mortales

451 2883 830 2950 informare
848 2935 864 2967 ,
918 2881 1024 2971 (ut
1073 2904 1154 2950 ex
1206 2903 1448 2952 eorum
1499 2884 1783 2973 physica
1828 2890 2160 2973 sequatur
2206 2885 2416 2953 etiam
2450 2903 2733 2951 necesse

447 2992 553 3054 est
571 2986 621 3073 ,)
672 2988 1121 3076 perspicuum
1171 2994 1274 3056 est
1306 2993 1652 3075 nostrum,
1689 2990 1801 3058 his
1831 2989 2001 3059 locis
2025 2989 2345 3077 quidem,
2371 2988 2731 3057 Stoissare.

541 3090 692 3170 Quo
767 3093 973 3160 modo
1046 3099 1280 3162 autem
1351 3093 1466 3161 ille
1531 3094 1727 3163 locus
1795 3094 1920 3163 ubi
1988 3094 2154 3162 deos
2223 3114 2372 3166 esse
2442 3094 2730 3161 omnino

446 3202 691 3285 negat,
744 3198 1191 3286 accipiendus
1238 3197 1553 3268 videatur
1571 3252 1589 3286 ‚
1637 3219 1849 3289 supra
1894 3199 2036 3267 iam
2084 3198 2408 3268 diximus

540 3299 983 3391 Quamquam
1047 3303 1261 3372 Stoici
1322 3304 1529 3374 modo
1581 3324 1810 3373 unum
1854 3304 2066 3372 deum
2113 3324 2264 3372 esse
2313 3297 2726 3389 credebant,

452 3412 596 3474 toto
660 3407 926 3475 mundo
988 3410 1455 3498 omnibusque
1503 3410 1652 3479 eius
1699 3410 2013 3498 partibus
2059 3408 2407 3495 infusum,
2457 3413 2693 3476 tamen
2714 3462 2731 3493 ‚

447 3517 528 3580 ut
595 3513 816 3601 magis
885 3531 1059 3581 cum·
1110 3512 1444 3603 religione
1507 3513 1778 3604 vulgari
1840 3515 2232 3583 consentire
2296 3513 2697 3582 viderentur
2712 3565 2729 3597 ‚

532 3805 589 3875 1)
629 3802 833 3862 Phara.
875 3800 1017 3860 VH:
1045 3805 1184 3860 447.

528 3901 588 3971 2)
628 3897 718 3957 De
770 3898 881 3957 hoc
931 3897 1198 3972 dogmate
1252 3895 1324 3957 cf.
1383 3895 1768 3972 Chrysippum
1822 3897 1979 3972 (apd.
2040 3897 2194 3956 Plut.
2253 3896 2324 3955 de
2366 3895 2543 3957 Stoic.
2585 3896 2729 3970 Rep.

446 3997 522 4051 38
548 4011 563 4052 ε
588 3998 648 4068 5)
703 3995 802 4067 qui
856 3999 1150 4053 asseverat
1201 3993 1390 4053 Solem
1440 3999 1500 4053 et
1548 3994 1746 4053 lunam
1789 3998 1849 4053 et
1889 3998 2112 4053 ceteros
2153 3992 2291 4052 deos
2308 4037 2324 4067 ,
2368 3997 2427 4051 et
2465 3997 2633 4051 natos
2674 3998 2733 4052 et

441 4090 734 4163 perituros
788 4106 944 4164 esse,
1002 4090 1193 4149 Iovem
1247 4105 1387 4150 vero
1438 4095 1734 4150 aeternum
1785 4106 1943 4164 esse,
1998 4087 2070 4148 cf.
2126 4089 2313 4148 Philo.
2372 4088 2607 4148 Aetern.
2654 4106 2729 4148 m.

444 4201 494 4245 c.
535 4190 589 4245 9.
640 4184 796 4259 Orig.
827 4204 876 4245 c.
908 4185 1056 4245 Cels,
1084 4186 1167 4245 IV
1192 4191 1319 4245 268.
1374 4186 1529 4246 Plut.
1558 4184 1672 4245 def.
1704 4202 1862 4245 orac.
1896 4190 1987 4245 19.
2017 4183 2089 4244 cf.
2118 4186 2310 4246 Zeller
2333 4185 2438 4244 111.
2466 4203 2564 4259 pg.
2596 4190 2729 4245 154.

527 4283 587 4355 3)
629 4280 830 4342 Phara.
882 4282 971 4341 V:
999 4286 1115 4341 634
1138 4299 1224 4357 sq.
1281 4280 1352 4341 cf.
1410 4282 1544 4343 Seu.
1594 4282 1767 4341 Herc.
1827 4281 1955 4342 Oet.
2003 4287 2190 4341 1119:
2238 4298 2473 4352 „omnes
2512 4282 2733 4355 pariter

443 4374 584 4437 deos
623 4377 830 4451 perdet
867 4394 1020 4437 mors
1061 4377 1255 4451 aliqua
1294 4382 1351 4438 et
1397 4377 1632 4438 chaos.'’
1956 4377 2024 4454 4)
2066 4377 2172 4436 Ph.
2214 4378 2330 4436 VI:
2358 4382 2471 4436 697
2497 4393 2583 4449 sq.

2505 4488 2529 4535 3
