3434 5159
1593 308 1677 376 71

682 533 1002 621 gentibus
1019 586 1037 619 ,
1089 554 1173 601 ex
1219 538 1412 602 tanta
1456 533 1757 602 fatorum
1804 538 2032 622 strage
2076 532 2377 622 superba

678 638 1021 727 excerpsit
1063 637 1382 706 Romana
1428 657 1665 706 manu.
1760 636 1876 705 Sic
1923 638 2130 726 plena
2175 638 2445 706 laborat

675 740 1073 810 Phemonoe
1119 741 1432 827 Phoeb0,
1487 742 1656 811 dum
1702 747 1808 827 te,
1859 742 2211 811 consultor
2256 744 2480 831 operti

678 845 972 915 Castalia
1017 847 1262 916 tellure
1309 847 1455 931 dei,
1505 848 1620 915 vix
1663 848 1965 934 invenit,
2016 846 2243 936 Appi,

675 950 859 1018 inter
902 950 1041 1019 fata
1087 951 1209 1021 diu
1256 971 1598 1040 quaerens
1643 956 1788 1020 tam
1835 971 2090 1041 magna
2136 951 2533 1019 latentem.”
2562 951 2617 1039 Ι>

592 1053 841 1122 Nonne
887 1056 1116 1143 potius
1162 1061 1566 1145 putaremus
1612 1056 1767 1126 illas
1813 1057 2108 1125 feminas
2154 1056 2353 1145 quasi
2397 1061 2619 1124 rostro
2651 1054 2775 1122 ali-

503 1179 713 1246 quam
783 1164 1082 1248 stragem
1153 1161 1297 1229 sive
1358 1160 1668 1230 illuviem
1732 1160 2185 1251 perscrutari,
2252 1159 2484 1248 aliqua
2545 1164 2777 1228 scruta

502 1265 964 1352 quaerentes?
1051 1265 1231 1334 Satis
1300 1265 1503 1355 friget
1569 1265 1686 1334 ille
1756 1266 1970 1335 locus.
2063 1265 2151 1332 Et
2218 1263 2603 1332 notandum
2673 1269 2777 1332 est

501 1367 911 1454 discrimen,
984 1370 1169 1458 quod
1238 1371 1372 1440 hoc
1427 1371 1579 1439 loco
1642 1372 1824 1439 inter
1885 1370 2105 1439 fatum
2165 1369 2646 1436 Romanorum
2708 1373 2778 1435 et

498 1471 953 1540 barbarorum
1020 1480 1224 1562 poeta
1291 1474 1474 1544 facit.
1590 1474 1785 1556 Quae
1857 1475 2202 1543 sententia
2272 1473 2560 1542 omnino
2627 1491 2770 1539 non

499 1578 819 1644 convenit
889 1596 1050 1645 cum
1114 1578 1442 1666 opinione
1510 1577 1900 1648 Stoicorum
1922 1632 1940 1665 ,
1997 1579 2118 1667 qui
2165 1597 2409 1646 omnes
2456 1577 2773 1644 homines

494 1682 808 1750 omnium
885 1682 1200 1771 gentium
1276 1703 1500 1771 paene
1567 1689 1644 1752 ut
1712 1684 1959 1751 fratres
2028 1702 2177 1751 esse
2244 1686 2513 1771 putent.
2616 1680 2773 1769 Ipse

497 1790 697 1873 poeta
765 1786 1045 1853 invocat
1113 1785 1279 1855 alibi
1349 1786 1890 1873 „,Concordiam
1963 1792 2031 1854 et
2099 1806 2456 1855 sacrum
2528 1784 2772 1883 orbis

491 1908 531 1956 a
549 1909 620 1956 m
639 1908 732 1956 or
750 1910 787 1957 e
804 1889 916 1957 m.’
921 1888 1027 1978 '2)

578 1993 783 2063 Nunc
844 1994 1045 2063 nobis
1107 1996 1317 2063 etiam
1377 2000 1625 2080 restat,
1688 2001 1767 2066 ut
1831 2015 2283 2085 quaeramuS,
2331 2014 2504 2063 num
2549 1992 2762 2062 fatum
2794 2012 2861 2053 Νιι
2864 2013 3004 2053 mrum
2978 2023 3174 2065 ιιιιιιιιιιιι·

493 2097 581 2165 ab
626 2098 1027 2168 hominibus
1073 2100 1437 2188 praenosci
1481 2101 1716 2189 possit.
1788 2100 2191 2169 Aretissime
2238 2098 2559 2168 cohaeret
2587 2096 2766 2166 Stoi·
2794 2076 2907 2106 ”⁰⁸⁰¹
2931 2066 3071 2116 mn

490 2221 731 2271 corum
794 2203 1109 2272 doctrina
1170 2203 1257 2271 de
1315 2203 1741 2273 divinatione
1797 2225 1958 2274 cum
2005 2224 2247 2273 eorum
2294 2203 2635 2271 sententia
2680 2201 2767 2269 de

489 2305 660 2391 fato,
726 2311 795 2375 et
839 2307 915 2375 in
961 2307 1316 2376 Pharsalia
1362 2309 1599 2377 omina
1645 2315 1714 2377 et
1760 2309 2093 2377 divinatio
2139 2314 2284 2376 tam
2330 2307 2568 2396 magni
2616 2326 2764 2374 mo-

490 2411 708 2478 menti
755 2417 951 2496 sunt,
997 2417 1076 2480 ut
1122 2412 1450 2482 malimus
1497 2412 1632 2481 alio
1681 2414 1938 2502 capite,
1988 2412 2218 2480 dedita
2262 2431 2502 2500 opera,
2539 2410 2646 2479 his
2678 2409 2764 2477 de

486 2514 694 2584 rebus
740 2515 1076 2585 disserere
1093 2570 1111 2602 ,
1162 2537 1373 2606 quam
1419 2518 1552 2586 hoc
1597 2517 1750 2586 loco
1797 2518 2019 2586 obiter
2067 2517 2422 2605 attingere.

578 2618 760 2700 Quid
808 2622 1017 2710 igitur
1060 2621 1388 2691 Lucanus
1433 2622 1520 2690 de
1566 2622 1708 2690 fato
1756 2622 2025 2690 sensit‘?
2101 2620 2204 2688 Ex
2248 2619 2417 2687 locis
2462 2617 2759 2687 laudatis
2786 2639 3017 2681 commeo.

487 2729 775 2813 apparet
832 2747 992 2795 eum
1042 2726 1353 2796 Stoicum
1400 2733 1722 2818 agentem
1769 2746 2117 2797 summam
2166 2727 2308 2793 vim
2353 2724 2491 2792 fato
2537 2723 2758 2792 tribu-

487 2828 620 2896 isse
683 2835 752 2896 et
814 2831 1185 2900 credidisse
1203 2885 1221 2916 ,
1284 2837 1351 2899 et
1411 2834 1487 2900 in
1530 2833 1743 2901 rebus
1788 2831 2191 2921 vulgaribus
2239 2835 2304 2897 et
2352 2829 2426 2897 in
2472 2828 2758 2896 interitu

487 2933 803 3021 Pompeii
845 2934 1410 3024 reipublicaeque
1457 2936 1749 3020 liberae,
1800 2935 2015 3004 fatum
2058 2934 2294 3002 omnia
2322 2933 2571 3000 valere.
2621 2930 2758 2999 Sed

484 3037 694 3105 simul
741 3039 1088 3107 sententia
1133 3040 1436 3129 vulgaris
1484 3045 1550 3108 et
1595 3039 1943 3129 postulata
1990 3039 2154 3109 artis
2193 3037 2501 3126 poeticae
2532 3034 2756 3124 philo-

484 3141 801 3230 sophiam
862 3144 958 3211 ita
1018 3150 1302 3233 superat
1361 3150 1429 3212 et
1490 3144 1826 3230 detrudit,
1871 3148 1951 3211 ut
1996 3141 2272 3230 saepius
2317 3139 2490 3208 illud
2534 3140 2753 3207 fatum

482 3245 681 3333 quasi
727 3246 936 3315 deum
986 3253 1305 3335 agentem
1322 3301 1340 3334 ,
1390 3266 1926 3334 nonnumquam
1959 3244 2326 3314 consilium
2358 3263 2566 3312 suum
2596 3263 2753 3310 mu-

481 3353 775 3436 tantem,
826 3350 912 3419 ab
960 3351 1362 3421 hominibus
1409 3350 1887 3442 oppugnatum
1929 3355 1997 3418 et
2026 3353 2405 3433 retentum,
2438 3345 2753 3433 inducat,

479 3452 633 3520 sine
679 3452 890 3522 dubio
939 3473 1020 3522 eo
1068 3455 1275 3524 modo
1322 3456 1650 3544 opinione
1697 3454 1965 3544 vulgari
2012 3470 2352 3541 expressa.

568 3555 694 3625 His
723 3556 879 3626 fatis
909 3559 1120 3648 igitur
1148 3559 1438 3628 feliciter
1468 3560 1797 3649 peractiS,
1838 3578 2030 3627 nunc
2062 3561 2370 3625 nostram
2401 3554 2750 3623 fortunam

477 3659 553 3727 in
600 3659 906 3731 Fortuna
950 3663 1334 3732 tentemus!

562 3974 621 4048 1)
662 3973 860 4037 Phars.
899 3975 989 4033 V:
1017 3980 1145 4037 183.
1193 3974 1432 4035 Damst&
1460 3991 1587 4035 cum
1615 3973 1812 4035 Gortio
1839 3977 2008 4046 putat
2032 3972 2333 4045 legendum
2360 3987 2514 4033 esse:
2543 3970 2747 4044 qualis.

557 4068 620 4145 2)
741 4110 780 4143 „
907 4069 1346 4129 1v2190-91.
