3434 5159
1497 339 1634 410 115

421 562 645 637 bitare
665 619 684 654 ,
735 571 801 634 et
846 565 1176 635 Manilius
1224 586 1500 655 quoque
1517 620 1534 652 ,
1584 572 1788 656 poeta
1833 566 1984 634 sine
2027 565 2239 636 dubio
2271 565 2707 657 philosophia

425 673 819 742 Stoicorum
891 671 1237 759 imbutus,
1311 672 1607 740 eandem
1673 672 2063 757 doctrinam
2128 672 2216 740 de
2276 672 2416 741 vita
2477 672 2707 742 futura

424 776 808 868 profitetur.
903 777 1361 866 Inquisitione
1424 778 1510 846 de
1572 779 1716 865 via,
1775 797 1955 867 quae
2000 778 2223 847 lactea
2269 777 2549 865 dicitur,
2595 777 2707 846 in-

426 886 662 954 stituta
682 939 700 971 ,
751 884 1023 973 quaerit
1068 883 1181 951 ille
1227 888 1466 973 poeta:

607 989 767 1078 „An
813 989 1021 1058 fortes
1069 989 1346 1058 animae
1393 990 1816 1079 dignataque
1865 990 2160 1059 numina
2209 991 2399 1060 coelo

607 1094 1014 1185 corporibus
1058 1094 1360 1164 resoluta
1407 1095 1553 1166 suis
1571 1149 1589 1183 ,
1639 1101 1963 1186 terraque
2009 1096 2303 1166 remissa

604 1202 743 1271 huc
790 1201 1095 1291 migrant
1139 1207 1227 1269 ‘ex
1273 1201 1441 1270 orbe
1459 1203 1539 1270 ‘2”

517 1307 604 1375 Et
651 1306 882 1397 paullo
930 1313 1086 1396 post
1130 1307 1541 1396 respondet:

694 1413 867 1501 „Illa
912 1413 1122 1483 deum
1170 1414 1403 1499 sedes,
1453 1414 1627 1506 haec
1671 1413 1809 1481 illis
1856 1413 2201 1504 proxima,
2252 1414 2490 1485 divum

696 1521 819 1608 qui
863 1519 1117 1589 virtute
1165 1540 1291 1589 sua
1338 1520 1600 1589 similes
1649 1520 1939 1610 vestigia
1984 1520 2348 1611 tangunt.”
2384 1520 2440 1609 1>

515 1624 883 1693 Probabile
947 1626 1159 1715 igitur
1223 1625 1591 1695 Lucanum
1652 1625 1838 1694 hanc
1899 1626 2389 1716 migrationem
2451 1645 2491 1693 e
2553 1646 2713 1695 sen-

426 1730 647 1798 tentia
692 1730 1087 1799 Stoicorum
1135 1731 1568 1801 informasse.
2237 1760 2240 1764 “

518 1834 707 1905 Num
737 1884 742 1887 -
767 1836 981 1925 igitur
1044 1835 1377 1905 Annaeus
1423 1837 1708 1905 firmiter
1754 1857 2167 1927 persuasum
2212 1836 2516 1907 habebat
2562 1837 2711 1906 ani-

427 1961 577 2009 mas
624 1942 943 2010 omnium
988 1940 1338 2011 bonorum
1384 1943 1497 2010 via
1540 1948 1732 2011 recta
1779 1943 1853 2010 in
1897 1944 2219 2034 regiones
2267 1943 2547 2012 lunares
2579 1943 2713 2011 mi-

425 2048 676 2136 grare‘?
731 2047 1134 2117 Admodum
1182 2048 1255 2115 id
1301 2047 1732 2117 dubitamus:
1780 2049 1901 2118 sed
1932 2049 2216 2118 homine
2248 2047 2708 2138 amplissimO,

437 2172 574 2240 quo
635 2152 1051 2222 nobiliorem
1114 2152 1389 2222 nullum
1453 2153 1589 2222 sibi
1634 2153 1897 2243 fingere
1932 2159 2205 2245 potest,
2255 2155 2508 2223 misere
2556 2175 2713 2244 pes·

429 2258 786 2344 sumdat0‚
836 2263 1043 2347 poeta
1090 2278 1131 2327 a
1177 2259 1499 2345 notione,
1546 2260 1758 2328 talem
1805 2260 2166 2329 hominem
2213 2259 2335 2329 tali
2383 2260 2710 2328 mortain

433 2368 793 2434 aeternum
866 2383 1017 2432 esse
1080 2365 1500 2434 exstinctum
1519 2418 1536 2453 ‚
1608 2365 1881 2455 refugit.
1975 2365 2062 2434 Et
2124 2365 2289 2434 satis
2352 2364 2710 2454 probabile

431 2469 730 2555 videtur,
779 2469 1117 2538 honorem
1166 2470 1479 2539 divinum
1498 2525 1516 2557 ,
1567 2492 1704 2561 quo
1752 2473 2208 2561 imperatores
2256 2472 2513 2540 mortui
2559 2469 2708 2539 affi-

426 2574 816 2653 ciebantur,
868 2596 1032 2644 eum
1082 2575 1486 2663 adduxisse,
1535 2584 1613 2646 ut
1658 2578 1872 2646 etiam
1903 2577 2320 2667 Pompeium
2351 2577 2427 2645 in
2460 2596 2708 2646 nume-

421 2699 582 2749 rum
644 2679 935 2749 deorum
997 2681 1316 2769 referret,
1383 2702 1529 2752 non
1589 2683 1886 2752 sordidis
1948 2683 2315 2753 hominum
2372 2681 2707 2751 adulatio-

424 2785 632 2854 nibus
702 2786 943 2856 divum
1013 2786 1274 2857 factum
1290 2842 1308 2876 ,
1383 2789 1506 2857 sed
1584 2809 1711 2859 suo
1775 2790 1927 2858 iure
1968 2790 2280 2859 domum
2340 2789 2705 2858 beatorum

421 2895 796 2980 petentem.
856 2890 1183 2963 Lucanus
1228 2899 1471 2984 poeta,
1519 2915 1664 2964 non
1712 2893 2039 2965 Lucanus
2086 2893 2539 2985 philosophus
2587 2914 2707 2962 eos

420 3016 659 3066 versus
728 2998 1038 3088 scripsit,
1115 3002 1212 3068 ita
1280 3007 1360 3070 ut
1428 3021 1514 3069 ex
1575 3001 1694 3070 illa
1754 3001 2071 3092 Pompeii
2137 2999 2494 3090 apotheosi
2555 2999 2704 3068 eius

424 3108 610 3171 certa
655 3106 1001 3174 sententia
1049 3105 1231 3174 effici
1275 3126 1420 3175 non
1456 3108 1700 3196 possit,
1746 3113 1826 3177 ut
1855 3108 2059 3178 nobis
2093 3106 2377 3197 quidem
2409 3103 2701 3174 videtur.

510 3207 647 3276 Sed
707 3209 1088 3279 identidem
1151 3211 1226 3279 in
1288 3210 1643 3281 Pharsalia
1706 3212 2020 3281 doctrina
2083 3212 2315 3281 Stoica
2335 3261 2352 3295 ,
2402 3214 2699 3279 mortem
2730 3235 2900 3290 Saepius
2925 3244 3036 3277 mors

421 3333 568 3382 esse
615 3334 976 3384 summum
1020 3315 1289 3384 bonum
1336 3337 1782 3407 summopere
1830 3318 2242 3408 petendum,
2276 3318 2353 3384 in
2385 3315 2699 3384 medium
2726 3300 2931 3385 iffi?
2959 3289 3108 3332 ''⁰¹¹⁰''

417 3419 783 3509 profertur.
875 3420 1053 3490 Sunt
1099 3421 1332 3509 multi,
1406 3421 1782 3512 (imprimis
1828 3424 1881 3493 ii
1926 3425 2077 3513 qui,
2128 3422 2320 3491 nulla
2367 3441 2578 3512 opera
2624 3422 2700 3490 in

416 3524 724 3594 studium
771 3527 1105 3615 temporis
1150 3529 1505 3617 praeteriti
1550 3528 1711 3598 data
1729 3581 1747 3616 ‚
1807 3529 1940 3598 sibi
1986 3528 2469 3598 firmissimum
2516 3526 2698 3596 iudi-

419 3630 608 3699 cium
694 3632 780 3700 de
855 3631 1066 3701 rebus
1140 3633 1496 3702 hodiernis
1574 3633 1930 3725 arrogant)
2013 3635 2135 3724 qui
2211 3639 2462 3724 putent
2527 3630 2695 3700 illud
2775 3681 2783 3689 .

418 3735 656 3804 odium
720 3742 787 3805 et
848 3738 1157 3807 taedium
1220 3739 1436 3826 vitae,
1503 3740 1689 3828 quod
1737 3741 1947 3809 etiam
1996 3739 2202 3808 hodie
2249 3744 2395 3808 tam
2441 3737 2699 3807 multos

417 3840 504 3908 ad
550 3847 847 3910 mortem
893 3842 1357 3913 voluntariam
1405 3844 1722 3934 adducit,
1772 3866 1922 3915 esse
1969 3845 2334 3935 proprium
2383 3850 2452 3913 et
2482 3862 2697 3932 pecu-

414 3944 584 4030 liare
645 3952 924 4016 nostrae
988 3950 1263 4036 aetatis;
1327 3951 1499 4038 quin
1563 3950 1744 4020 Galli
1798 3950 2025 4040 lepide
2075 3951 2247 4019 haec
2294 3949 2531 4018 omnia
2550 4000 2567 4034 ‚
2619 3952 2697 4017 ut

414 4051 615 4141 signa
676 4053 986 4124 culturae
1048 4054 1382 4142 labantis,
1449 4057 1684 4125 statim
1747 4055 1921 4144 „fini
1974 4054 2278 4124 saeculi''
2348 4053 2695 4123 tribuunt.

497 4384 555 4457 ι)
595 4381 798 4449 Manu.
838 4380 1072 4451 Astron,
1113 4382 1180 4451 ῖς
1205 4386 1512 4470 758-,60,
1556 4386 1813 4453 803-4,
