3434 5159
1755 334 1892 405 120

693 561 887 647 dem,
935 561 1058 649 qui
1100 579 1329 648 neque
1377 559 1693 628 homines
1740 559 2003 648 plebei,
2050 580 2278 648 neque
2310 558 2703 649 philosophi
2733 566 2955 629 erant.

692 666 828 737 Sed
874 687 1017 735 non
1062 686 1219 735 raro
1263 666 1625 756 postulatis
1671 667 1836 735 artis
1874 668 2181 756 poeticae
2213 667 2581 736 obsecutus
2601 721 2618 750 ‚
2648 666 2954 756 philoso-

694 773 863 862 phia
907 773 1207 859 deserta,
1255 791 1510 840 novam
1557 777 1624 840 et
1668 772 2091 861 peculiarem
2138 773 2574 862 opinionem,
2609 774 2954 863 imprimis

694 879 781 947 de
825 879 929 946 ira
975 878 1297 963 deorum,
1347 878 1622 966 promit.

782 983 908 1052 His
980 984 1192 1073 igitur
1265 983 1601 1103 peractis,
1680 1003 2040 1071 speramus
2107 983 2250 1051 fore
2316 989 2396 1052 ut
2461 989 2580 1063 tu,
2659 982 2953 1104 candide

693 1087 938 1174 lector,
990 1088 1239 1157 addas·
1288 1109 1431 1156 non
1478 1088 1687 1156 nimis
1735 1088 2132 1156 infeliciter!
2167 1088 2223 1178 1)

777 1409 833 1479 1)
874 1405 1000 1467 Hoc
1045 1407 1171 1466 loco
1211 1421 1394 1480 pauca
1432 1404 1642 1464 addere
1680 1406 1938 1464 volumus
1977 1404 2048 1464 de
2088 1404 2308 1464 duobus
2346 1406 2554 1466 libellis
2568 1452 2585 1479 ,
2624 1407 2739 1465 iam
2778 1423 2872 1481 pg.
2914 1412 2951 1466 5

693 1504 1144 1564 commemoratis
1159 1545 1176 1575 ‚
1218 1517 1359 1575 quos
1401 1517 1528 1560 sero
1568 1501 1631 1558 in
1663 1506 1889 1560 nostras
1914 1517 2113 1560 manus
2142 1500 2361 1560 delatos
2375 1544 2390 1572 ‚
2419 1517 2537 1560 non
2561 1503 2721 1577 prius
2748 1502 2953 1563 afferre

692 1602 995 1676 potuimus,
1074 1597 1298 1657 Primus
1352 1602 1440 1656 est
1497 1597 1630 1666 „Fr.
1682 1596 1856 1656 Ottl.:
1912 1596 2138 1657 Lucans
2190 1597 2647 1672 philosophische
2694 1599 2954 1659 Weltan-

692 1692 1037 1769 schauung’,
1097 1699 1157 1754 et
1213 1693 1488 1767 originem
1548 1693 1891 1754 Germanam
1950 1694 2172 1754 ratione
2230 1694 2517 1753 scribendi
2575 1701 2843 1754 accurata
2890 1701 2948 1755 et

692 1791 1182 1869 praestantissima
1234 1789 1441 1864 prodit.
1521 1787 1601 1849 At
1646 1789 1870 1864 paginis
1914 1790 2188 1850 tredecim
2225 1792 2318 1850 vix
2357 1807 2603 1850 summas
2642 1807 2735 1850 res
2774 1792 2952 1850 attin-

691 1905 827 1964 gere
879 1888 1095 1962 potuit:
1151 1885 1251 1946 sed
1302 1885 1609 1960 gaudemus
1661 1885 1814 1959 quod
1862 1886 1960 1944 ille
2011 1902 2235 1959 quoque
2287 1884 2578 1946 Lucanum
2618 1887 2953 1961 plerumque

693 1985 977 2045 Stoissare
1027 1986 1210 2057 putat.
1289 1980 1433 2040 Aliis
1485 1986 1703 2056 septem
1755 1981 1980 2056 paginis
2032 1983 2151 2055 agit
2202 1981 2273 2041 de
2313 1983 2597 2043 sententia
2633 1988 2840 2058 poetae
2878 1983 2954 2042 de

691 2082 861 2142 rebus
899 2079 1121 2140 ethicis.

772 2176 937 2236 Alter
973 2174 1196 2235 libellus
1236 2178 1326 2233 est
1363 2173 1616 2233 aemulus
1654 2173 1865 2248 nostri,
1906 2189 2109 2248 nempe
2146 2173 2324 2233 thesis
2364 2189 2400 2232 a
2438 2174 2519 2233 M.
2550 2173 2795 2234 Souriau
2820 2191 2955 2249 pro-

693 2273 911 2348 posita,
968 2287 1114 2345 quae
1165 2269 1524 2329 inscribitur:
1584 2269 1692 2338 „de
1744 2268 1978 2328 deorum
2030 2269 2359 2330 ministeriis
2397 2270 2460 2328 in
2497 2270 2855 2341 Pharsalia”,
2897 2277 2959 2330 et

694 2385 800 2430 sua
837 2371 1138 2428 venustate
1178 2365 1528 2438 audaciaque
1568 2365 1844 2440 originem
1882 2364 2158 2425 Gallicam
2197 2367 2566 2427 demonstrat.
2626 2366 2740 2426 Sed
2779 2366 2954 2445 eheu!

695 2481 864 2540 quam
902 2464 1138 2523 multum
1177 2462 1435 2521 homines
1475 2461 1588 2521 duo
1628 2460 1824 2520 eadem
1851 2461 1922 2520 de
1946 2478 2010 2520 re
2037 2461 2337 2522 dissentire
2360 2465 2629 2537 possunt!
2683 2463 2955 2522 Dolemus

696 2561 847 2621 enim
887 2558 1038 2635 quod
1077 2557 1434 2618 doctissimus
1472 2556 1716 2616 Souriau
1753 2573 1958 2618 novam
1995 2558 2410 2633 philosophiam
2449 2558 2762 2618 Romanam
2790 2574 2956 2618 exco-

696 2657 902 2732 gitavit
915 2698 932 2733 ,
973 2660 1073 2715 aut
1110 2654 1298 2729 potius
1338 2655 1546 2713 misero
1586 2652 1838 2713 Senecae
1874 2654 2257 2715 inventionem
2297 2655 2529 2729 tribuit,
2551 2652 2672 2735 Φ(αἱ.
2711 2654 2958 2714 Souriau

698 2770 794 2829 pg.
839 2753 969 2828 85),
1018 2751 1383 2827 „societatem
1422 2748 1882 2810 monstruosam'’
1921 2751 2074 2810 inter
2111 2750 2432 2825 Epicureos
2471 2754 2532 2810 et
2557 2749 2780 2810 Stoicos
2812 2766 2957 2824 pan-

698 2849 868 2921 gens!
941 2845 1259 2906 Admodum
1301 2845 1653 2920 dubitamuS,
1695 2862 1833 2904 num
1869 2846 2019 2905 ullus
2058 2846 2348 2906 Romanus
2388 2847 2505 2906 tale
2541 2846 2782 2905 minutal
2821 2844 2958 2904 doc-

700 2943 980 3005 trinarum
1005 2942 1524 3017 philosophicarum
1551 2939 1842 3016 professus
1868 2940 1971 3001 sit!
2000 2940 2323 3018 Sententia,
2353 2958 2499 3016 quae
2523 2943 2637 3003 iam
2656 2959 2751 3017 pg.
2773 2946 2849 3000 28
2873 2958 2958 3015 sq.

702 3036 956 3099 refutare
997 3039 1189 3098 conati
1228 3054 1444 3106 sumus,
1483 3038 1756 3115 probata,
1784 3041 2016 3097 accusat
2041 3038 2398 3097 adversarius
2425 3036 2676 3097 Gallicus
2700 3042 2959 3113 poetam,

702 3136 1025 3209 ubicunque
1065 3151 1172 3209 per
1209 3138 1483 3208 punctum
1524 3134 1798 3208 temporis
1813 3176 1831 3207 ,
1880 3134 2083 3193 castris
2124 3131 2443 3192 Stoicorum
2484 3133 2726 3211 desertis
2739 3177 2755 3204 ,
2800 3149 2960 3192 suam

698 3233 878 3307 ipsius
936 3232 1087 3292 viam
1138 3228 1487 3304 ingreditur,
1543 3229 1695 3303 quod
1748 3234 1937 3289 castra
1988 3229 2275 3305 Epicurea
2323 3230 2623 3305 petiverit!
2695 3229 2777 3288 Et
2826 3228 2959 3288 dum

704 3326 1091 3401 quaestionem
1110 3370 1127 3401 ,
1178 3342 1346 3400 quam
1385 3326 1497 3386 vim
1537 3322 1717 3385 fatum
1758 3330 1818 3384 et
1854 3324 2113 3385 Fortuna
2150 3325 2213 3385 in
2250 3326 2548 3385 Pharsalia
2584 3325 2824 3399 habeat,
2864 3325 2961 3385 vix

701 3437 818 3482 una
855 3421 1068 3497 pagina
1108 3422 1366 3496 attingit,
1409 3421 1696 3496 permulta
1734 3420 2004 3481 disseruit
2039 3420 2112 3480 de
2139 3419 2356 3480 Catone
2372 3465 2389 3495 ‚
2417 3426 2478 3481 et
2501 3421 2573 3481 de
2599 3422 2959 3508 quaestione,

701 3534 838 3577 num
892 3516 1194 3577 Petronius
1245 3517 1307 3575 in
1354 3518 1543 3576 animo
1582 3517 1848 3578 habuerit
1884 3517 1998 3576 illis
2036 3517 2309 3576 trecentis
2347 3518 2603 3578 versibus
2641 3517 2703 3576 in
2742 3516 2962 3591 Satyri·

703 3628 811 3672 con
870 3612 1164 3672 Lucanum
1225 3613 1438 3673 imitari
1499 3630 1574 3674 an
1632 3612 2064 3688 reprehendere.
2165 3612 2323 3685 Quae
2383 3614 2641 3686 quaestio
2700 3629 2828 3672 cum
2887 3613 2961 3672 ad

702 3714 960 3768 nostrum
1002 3713 1394 3782 argumentum
1434 3725 1552 3768 non
1591 3709 1915 3769 necessaria
1953 3710 2030 3769 sit
2043 3752 2060 3784 ,
2101 3709 2342 3769 lectores
2383 3714 2609 3769 nostros
2649 3709 2723 3768 ad
2752 3709 2959 3769 librum

700 3806 886 3879 ipsum
923 3805 1342 3880 perelegantem
1384 3803 1769 3864 amandamus.
