3434 5159
1854 367 1989 441 112

795 592 1027 662 anima
1072 591 1374 662 hominis
1420 588 1626 660 modo
1670 610 1833 681 pars
1880 591 2096 662 animi
2142 592 2389 662 mundi
2435 599 2648 678 esset,
2712 594 3051 684 putabant

795 719 949 769 eam
994 718 1268 790 quoque
1316 718 1477 769 cum
1522 697 1786 767 mundo
1830 699 2208 788 perituram
2258 720 2428 769 esse.

883 806 1108 875 Etiam
1156 803 1339 895 apud
1378 803 1804 873 Christianos
1833 804 2007 874 haec
2040 806 2229 873 notio
2260 807 2724 896 permansisse
2755 807 3048 895 videtur,

793 913 1049 1002 quippe
1123 912 1244 1002 qui
1319 918 1677 1001 supremo
1719 909 1975 981 iudicio
2051 912 2280 981 ultimi
2349 913 2488 982 diei
2554 914 2771 983 malos
2842 916 3054 987 etiam

791 1024 1049 1087 terrere
1094 1018 1450 1107 bonosque
1497 1017 1839 1087 consolari
1883 1018 2140 1104 solent,
2191 1039 2327 1108 quo
2360 1019 2503 1106 die,
2542 1026 2713 1089 teste
2746 1021 3054 1111 apostolo

793 1124 1029 1208 Petr0,
1081 1124 1298 1210 ¹,coeli
1346 1144 1505 1194 cum
1551 1124 1842 1193 stridore
1889 1124 2394 1213 praeteribunt,
2446 1127 2787 1196 elementa
2828 1126 3055 1199 calore

793 1232 1176 1316 solventur,
1247 1236 1429 1299 terra
1487 1237 1720 1300 autem
1789 1235 1856 1299 et
1925 1250 2104 1319 quae
2175 1232 2249 1299 i‘n
2314 1251 2394 1300 ea
2469 1239 2633 1302 sunt
2678 1253 2889 1323 opera
2936 1254 3055 1303 ex-

793 1339 1145 1407 urentur.”
1185 1336 1237 1426 ¹)
1332 1336 1525 1418 Quae
1569 1336 1815 1422 verba,
1870 1357 2113 1427 parum
2162 1357 2203 1406 a
2236 1337 2519 1407 Lucano
2552 1339 3054 1430 discrepantia,

794 1449 1199 1534 argumento
1260 1464 1409 1512 esse
1469 1448 1792 1533 possunt,
1858 1444 2093 1512 multis
2153 1444 2228 1512 in
2273 1444 2483 1514 rebus
2530 1443 2796 1515 Stoicos
2843 1446 3055 1517 fuisse

792 1569 1272 1640 praecursores
1341 1548 1912 1618 Christianorum.
2021 1549 2113 1618 At
2180 1550 2390 1619 etiam
2461 1552 2845 1622 maximum
2917 1550 3054 1622 dis-

795 1658 1057 1726 crimen
1117 1657 1297 1725 inter
1358 1660 1686 1745 utrosque
1748 1656 2169 1726 notandum:
2233 1657 2352 1725 ille
2413 1656 2558 1726 dies
2577 1711 2594 1745 ,
2662 1677 2799 1748 quo
2847 1658 3059 1727 Stoici

794 1784 954 1834 cum
1017 1762 1210 1832 omni
1273 1762 1561 1831 materia
1622 1762 1832 1831 etiam
1897 1762 2166 1832 animas
2229 1764 2569 1852 perituras
2624 1763 2773 1833 esse
2821 1765 3058 1834 crede-

790 1870 994 1955 bant,
1045 1867 1451 1937 Christianis
1499 1873 1601 1936 est
1646 1867 1793 1936 dies
1837 1870 2393 1955 resurrectionis3
2443 1870 2629 1960 quod
2674 1870 2763 1939 ab
2812 1871 3056 1940 eodem

797 1976 1100 2066 apostolo
1123 2029 1141 2063 ,
1189 1975 1340 2043 loco
1384 1994 1595 2064 supra
1638 1974 1952 2060 laudato,
2001 1975 2102 2045 sic
2140 1976 2583 2065 exprimitur:
2636 1976 2800 2065 „sed
2834 1977 3058 2047 coelos

795 2103 1011 2152 novos
1081 2087 1561 2172 exspectamus
1631 2087 1698 2149 et
1765 2087 2022 2150 terram
2091 2102 2340 2152 novam
2362 2135 2379 2168 ,
2450 2083 2838 2155 secundum
2908 2084 3057 2153 eius

793 2190 1278 2280 promissum.''

391 2340 704 2394 „mmmm
883 2295 1007 2364 His
1068 2295 1236 2363 locis
1295 2294 1506 2385 igitur
1567 2294 1892 2362 Lucanus
1949 2313 2110 2363 cum
2172 2292 2419 2363 Stoicis
2463 2294 3055 2364 immortalitatem

390 2394 770 2499 {ffiffgn‘ssffifflfi
798 2408 981 2470 certe
1027 2407 1269 2492 negat3
1320 2402 1491 2491 quin
1537 2419 2070 2490 nonnumquam
2117 2402 2404 2469 omnino
2445 2401 2530 2469 de
2560 2401 2703 2470 ulla
2732 2403 2873 2471 vita
2904 2404 3058 2492 post

389 2501 504 2543 mm.
796 2514 1090 2577 mortem
1137 2507 1454 2577 dubitare
1501 2507 1804 2594 videtur3
1864 2527 2025 2575 nam
2076 2506 2405 2596 Pompeio
2451 2508 2755 2598 imagine
2785 2508 3055 2598 primae

793 2616 1027 2686 uxoris
1073 2616 1149 2684 in
1195 2634 1441 2684 somno
1487 2614 1725 2681 territo
1775 2613 1943 2682 haec
1987 2613 2198 2682 verba
2243 2613 2521 2682 tribuit:

1082 2775 1097 2791 .
1188 2721 1400 2811 „quid
1419 2775 1437 2808 ,
1485 2721 1614 2808 ait,
1662 2721 1826 2788 vani
1870 2726 2215 2790 terremur
2256 2721 2561 2812 imagine
2612 2721 2799 2790 visus
2816 2722 2853 2791 ἰ)

969 2834 1087 2897 aut
1132 2827 1306 2896 nihil
1353 2832 1454 2896 est
1501 2847 1747 2895 sensus
1793 2827 2045 2895 animis
2092 2847 2133 2895 a
2176 2832 2399 2895 morte
2444 2827 2797 2913 relictum,

967 2940 1086 3005 aut
1131 2954 1318 3003 mors
1364 2935 1516 3024 ipsa
1562 2933 1802 3001 nihil.'’

880 3041 1104 3123 Quam
1161 3042 1582 3110 sententiam
1643 3039 1929 3108 totidem
1992 3038 2219 3107 verbis
2271 3039 2411 3107 iam
2460 3037 2724 3108 Seneca
2771 3059 3052 3130 expres-

787 3154 1000 3218 serat:
1051 3153 1251 3238 „post
1293 3153 1590 3216 mortem
1635 3144 1810 3213 nihil
1857 3151 1994 3232 est,
2041 3145 2330 3234 ipsaque
2377 3164 2563 3214 mors
2609 3145 2847 3214 nihil.''
2886 3145 2944 3235 2)

879 3254 962 3323 Et
1025 3274 1273 3345 operae
1334 3253 1633 3343 pretium
1683 3257 1787 3320 est
1833 3251 2002 3319 haec
2046 3250 2258 3320 verba
2305 3271 2464 3319 cum
2511 3251 2813 3321 Homero
2862 3274 3052 3323 com-

789 3382 1059 3451 parare:
1110 3362 1344 3429 anima
1390 3358 1688 3428 Patrocli
1734 3359 1808 3426 in
1856 3377 2099 3425 somno
2133 3363 2507 3446 apparente
2540 3357 2819 3444 Achilli,
2856 3380 3052 3431 eum-

789 3489 923 3557 que
986 3468 1424 3554 adhortante,
1488 3471 1565 3535 ut
1628 3465 1931 3533 amicum
1993 3463 2318 3552 sepeliat,
2385 3463 2501 3532 ille
2561 3463 2798 3552 heros,
2846 3464 3052 3560 longe

789 3574 984 3642 aliter
1029 3593 1110 3641 ac
1154 3572 1554 3661 PompeiuS,
1604 3591 1748 3640 non
1787 3569 2126 3638 exclamat
2156 3569 2337 3638 hanc
2367 3570 2705 3639 visionem
2737 3576 3052 3641 tantum-

877 3858 930 3932 1)
972 3855 1125 3914 Petr.
1179 3851 1366 3927 Epist.
1418 3852 1710 3911 11:3210
1766 3856 1825 3910 et
1877 3849 2019 3935 satis
2072 3849 2264 3908 multis
2316 3849 2457 3910 locis
2497 3850 2558 3908 in
2599 3849 2829 3924 scriptis
2870 3850 3052 3911 sacris

786 3954 858 4013 de
897 3950 1092 4012 mundi
1129 3947 1245 4009 fine
1284 3949 1491 4022 agitur.
1571 3946 1659 4006 De
1698 3946 1808 4006 hoc
1848 3946 2111 4021 dogmate
2150 3944 2470 4005 Stoicorum
2511 3945 2788 4021 imprimis
2820 3946 3051 4021 legendi

788 4057 922 4111 sunt
978 4066 1174 4109 versus
1235 4046 1516 4106 notabiles
1577 4042 1805 4104 fabulae
1820 4089 1836 4120 ,
1891 4058 2039 4118 quae
2093 4040 2345 4102 Senecae
2399 4042 2734 4102 attribuitur
2747 4086 2764 4118 ,
2820 4043 3050 4103 Hercul.

788 4147 913 4207 Oet.
959 4130 1378 4205 1105—'11312
1426 4142 1688 4211 „iamiam
1727 4140 1948 4215 legibus
1987 4138 2208 4199 obrutis
2247 4138 2457 4198 mundo
2498 4154 2624 4198 cum
2663 4138 2855 4199 veniet
2892 4138 3047 4214 diesi,

790 4286 976 4303 .....
1018 4242 1162 4302 coeli
1200 4240 1359 4315 regia
1399 4238 1702 4299 concidens
1745 4242 1904 4296 ortus
1946 4240 2117 4310 atque
2158 4235 2347 4296 obitus
2387 4234 2576 4294 trahet
2593 4280 2609 4310 ,
2650 4239 2823 4309 atque
2855 4251 3051 4294 omnes

787 4341 1005 4416 pariter
1042 4338 1178 4398 deos
1216 4336 1420 4413 perdet
1457 4352 1610 4397 mors
1650 4334 1844 4409 aliqua
1884 4337 1944 4393 et
1981 4330 2211 4392 chaos.”
2253 4336 2313 4391 et
2353 4347 2471 4405 seq.

869 4439 933 4513 2)
972 4435 1176 4496 Phars.
1216 4433 1455 4494 In:38.
1535 4432 1668 4492 Seu.
1709 4429 1922 4490 Troad.
1963 4432 2098 4489 406.
