<?xml version="1.0" encoding="UTF-8"?>
<!DOCTYPE html PUBLIC "-//W3C//DTD XHTML 1.0 Transitional//EN"
    "http://www.w3.org/TR/xhtml1/DTD/xhtml1-transitional.dtd">
<html xmlns="http://www.w3.org/1999/xhtml" xml:lang="en" lang="en">
 <head>
  <title>
</title>
<meta http-equiv="Content-Type" content="text/html;charset=utf-8" />
  <meta name='ocr-system' content='tesseract 3.04.00' />
  <meta name='ocr-capabilities' content='ocr_page ocr_carea ocr_par ocr_line ocrx_word'/>
</head>
<body>
  <div class='ocr_page' id='page_1' title='image "./lucanisententia00millgoog_0115.png"; bbox 0 0 3434 5159; ppageno 0'>
   <div class='ocr_carea' id='block_1_1' title="bbox 1511 290 1648 362">
    <p class='ocr_par' dir='ltr' id='par_1_1' title="bbox 1511 290 1648 362">
     <span class='ocr_line' id='line_1_1' title="bbox 1511 290 1648 362; baseline 0.015 -1"><span class='ocrx_word' id='word_1_1' title='bbox 1511 290 1648 362; x_wconf 81' lang='lat'>103</span> 
     </span>
    </p>
   </div>
   <div class='ocr_carea' id='block_1_2' title="bbox 359 518 3087 3803">
    <p class='ocr_par' dir='ltr' id='par_1_2' title="bbox 359 518 2704 826">
     <span class='ocr_line' id='line_1_2' title="bbox 359 518 2702 615; baseline -0.003 -21"><span class='ocrx_word' id='word_1_2' title='bbox 359 577 362 579; x_wconf 12' lang='grc' dir='ltr'><strong>Α</strong></span> <span class='ocrx_word' id='word_1_3' title='bbox 447 523 620 615; x_wconf 89' lang='lat' dir='ltr'>quod</span> <span class='ocrx_word' id='word_1_4' title='bbox 679 524 973 614; x_wconf 82' lang='lat' dir='ltr'>pellex</span> <span class='ocrx_word' id='word_1_5' title='bbox 1021 521 1372 609; x_wconf 86' lang='lat' dir='ltr'>Cornelia,</span> <span class='ocrx_word' id='word_1_6' title='bbox 1415 521 1559 590; x_wconf 72' lang='lat' dir='ltr'>&#39;fato</span> <span class='ocrx_word' id='word_1_7' title='bbox 1604 540 1879 610; x_wconf 84' lang='lat' dir='ltr'>semper</span> <span class='ocrx_word' id='word_1_8' title='bbox 1924 520 2252 591; x_wconf 86' lang='lat' dir='ltr'>damnata</span> <span class='ocrx_word' id='word_1_9' title='bbox 2298 518 2580 588; x_wconf 90' lang='lat' dir='ltr'>maritos</span> <span class='ocrx_word' id='word_1_10' title='bbox 2626 519 2702 588; x_wconf 88' lang='lat' dir='ltr'>in</span> 
     </span>
     <span class='ocr_line' id='line_1_3' title="bbox 448 625 2704 720; baseline -0.003 -20"><span class='ocrx_word' id='word_1_11' title='bbox 448 631 707 701; x_wconf 84' lang='lat' dir='ltr'>cladem</span> <span class='ocrx_word' id='word_1_12' title='bbox 752 630 1110 700; x_wconf 83' lang='lat' dir='ltr'>detrahere</span> <span class='ocrx_word' id='word_1_13' title='bbox 1128 683 1145 707; x_wconf 85' lang='lat'><em>‚</em></span> <span class='ocrx_word' id='word_1_14' title='bbox 1208 626 1434 720; x_wconf 91' lang='lat' dir='ltr'>(prius</span> <span class='ocrx_word' id='word_1_15' title='bbox 1481 648 1691 718; x_wconf 89' lang='lat' dir='ltr'>quam</span> <span class='ocrx_word' id='word_1_16' title='bbox 1739 627 2014 697; x_wconf 83' lang='lat' dir='ltr'>Caesari</span> <span class='ocrx_word' id='word_1_17' title='bbox 2060 631 2423 717; x_wconf 87' lang='lat' dir='ltr'>nupserat,</span> <span class='ocrx_word' id='word_1_18' title='bbox 2480 625 2704 695; x_wconf 85' lang='lat' dir='ltr'>fuerat</span> 
     </span>
     <span class='ocr_line' id='line_1_4' title="bbox 445 735 2263 826; baseline -0.004 -18"><span class='ocrx_word' id='word_1_19' title='bbox 445 758 609 808; x_wconf 85' lang='lat' dir='ltr'>uxor</span> <span class='ocrx_word' id='word_1_20' title='bbox 657 736 887 807; x_wconf 88' lang='lat' dir='ltr'>Crassi</span> <span class='ocrx_word' id='word_1_21' title='bbox 905 735 958 826; x_wconf 90' lang='lat'>‚)</span> <span class='ocrx_word' id='word_1_22' title='bbox 1007 741 1236 806; x_wconf 88' lang='lat' dir='ltr'>torum</span> <span class='ocrx_word' id='word_1_23' title='bbox 1286 741 1612 825; x_wconf 87' lang='lat' dir='ltr'>occupet,</span> <span class='ocrx_word' id='word_1_24' title='bbox 1660 735 1762 805; x_wconf 90' lang='lat' dir='ltr'>sic</span> <span class='ocrx_word' id='word_1_25' title='bbox 1810 735 2263 826; x_wconf 87' lang='lat' dir='ltr'>imprecatur:</span> 
     </span>
    </p>

    <p class='ocr_par' dir='ltr' id='par_1_3' title="bbox 612 839 2490 932">
     <span class='ocr_line' id='line_1_5' title="bbox 612 839 2490 932; baseline -0.002 -21"><span class='ocrx_word' id='word_1_26' title='bbox 612 843 937 930; x_wconf 87' lang='lat' dir='ltr'>„haereat</span> <span class='ocrx_word' id='word_1_27' title='bbox 979 841 1098 910; x_wconf 86' lang='lat' dir='ltr'>illa</span> <span class='ocrx_word' id='word_1_28' title='bbox 1144 842 1281 912; x_wconf 91' lang='lat' dir='ltr'>tuis</span> <span class='ocrx_word' id='word_1_29' title='bbox 1327 862 1452 932; x_wconf 89' lang='lat' dir='ltr'>per</span> <span class='ocrx_word' id='word_1_30' title='bbox 1494 841 1677 910; x_wconf 89' lang='lat' dir='ltr'>bella</span> <span class='ocrx_word' id='word_1_31' title='bbox 1720 860 1847 930; x_wconf 91' lang='lat' dir='ltr'>per</span> <span class='ocrx_word' id='word_1_32' title='bbox 1892 860 2195 929; x_wconf 89' lang='lat' dir='ltr'>aequora</span> <span class='ocrx_word' id='word_1_33' title='bbox 2240 839 2454 930; x_wconf 82' lang='lat' dir='ltr'>signis</span> <span class='ocrx_word' id='word_1_34' title='bbox 2474 892 2490 924; x_wconf 91' lang='lat'>‚</span> 
     </span>
    </p>

    <p class='ocr_par' dir='ltr' id='par_1_4' title="bbox 614 947 2500 1036">
     <span class='ocr_line' id='line_1_6' title="bbox 614 947 2500 1036; baseline -0.002 -20"><span class='ocrx_word' id='word_1_35' title='bbox 614 949 783 1019; x_wconf 89' lang='lat' dir='ltr'>dum</span> <span class='ocrx_word' id='word_1_36' title='bbox 830 968 972 1018; x_wconf 89' lang='lat' dir='ltr'>non</span> <span class='ocrx_word' id='word_1_37' title='bbox 1019 968 1297 1018; x_wconf 91' lang='lat' dir='ltr'>securos</span> <span class='ocrx_word' id='word_1_38' title='bbox 1342 948 1545 1018; x_wconf 87' lang='lat' dir='ltr'>liceat</span> <span class='ocrx_word' id='word_1_39' title='bbox 1593 947 1765 1016; x_wconf 89' lang='lat' dir='ltr'>mihi</span> <span class='ocrx_word' id='word_1_40' title='bbox 1810 967 2136 1036; x_wconf 88' lang='lat' dir='ltr'>rumpere</span> <span class='ocrx_word' id='word_1_41' title='bbox 2184 965 2464 1014; x_wconf 89' lang='lat' dir='ltr'>somnos</span> <span class='ocrx_word' id='word_1_42' title='bbox 2483 999 2500 1033; x_wconf 86' lang='lat'><strong>,</strong></span> 
     </span>
    </p>

    <p class='ocr_par' dir='ltr' id='par_1_5' title="bbox 609 1053 2366 1144">
     <span class='ocr_line' id='line_1_7' title="bbox 609 1053 2366 1144; baseline -0.001 -22"><span class='ocrx_word' id='word_1_43' title='bbox 609 1060 675 1123; x_wconf 88' lang='lat' dir='ltr'>et</span> <span class='ocrx_word' id='word_1_44' title='bbox 722 1056 995 1126; x_wconf 90' lang='lat' dir='ltr'>nullum</span> <span class='ocrx_word' id='word_1_45' title='bbox 1042 1059 1265 1124; x_wconf 88' lang='lat' dir='ltr'>vestro</span> <span class='ocrx_word' id='word_1_46' title='bbox 1312 1074 1608 1124; x_wconf 90' lang='lat' dir='ltr'>vacuum</span> <span class='ocrx_word' id='word_1_47' title='bbox 1655 1054 1744 1123; x_wconf 83' lang='lat' dir='ltr'>sit</span> <span class='ocrx_word' id='word_1_48' title='bbox 1787 1058 2066 1144; x_wconf 91' lang='lat' dir='ltr'>tempus</span> <span class='ocrx_word' id='word_1_49' title='bbox 2112 1053 2331 1121; x_wconf 90' lang='lat' dir='ltr'>amori</span> <span class='ocrx_word' id='word_1_50' title='bbox 2350 1106 2366 1136; x_wconf 92' lang='lat'>‚</span> 
     </span>
    </p>

    <p class='ocr_par' dir='ltr' id='par_1_6' title="bbox 610 1158 2411 1252">
     <span class='ocr_line' id='line_1_8' title="bbox 610 1158 2411 1252; baseline -0.001 -23"><span class='ocrx_word' id='word_1_51' title='bbox 610 1161 734 1230; x_wconf 90' lang='lat' dir='ltr'>sed</span> <span class='ocrx_word' id='word_1_52' title='bbox 779 1167 1014 1230; x_wconf 85' lang='lat' dir='ltr'>teneat</span> <span class='ocrx_word' id='word_1_53' title='bbox 1061 1160 1447 1252; x_wconf 81' lang='lat' dir='ltr'>Caesarque</span> <span class='ocrx_word' id='word_1_54' title='bbox 1496 1162 1641 1231; x_wconf 89' lang='lat' dir='ltr'>dies</span> <span class='ocrx_word' id='word_1_55' title='bbox 1689 1168 1755 1230; x_wconf 87' lang='lat' dir='ltr'>et</span> <span class='ocrx_word' id='word_1_56' title='bbox 1802 1161 1978 1230; x_wconf 90' lang='lat' dir='ltr'>Iulia</span> <span class='ocrx_word' id='word_1_57' title='bbox 2025 1158 2319 1237; x_wconf 82' lang='lat' dir='ltr'>noctes.&#39;&#39;</span> <span class='ocrx_word' id='word_1_58' title='bbox 2355 1160 2411 1248; x_wconf 92' lang='lat'>¹)</span> 
     </span>
    </p>

    <p class='ocr_par' dir='ltr' id='par_1_7' title="bbox 525 1267 2504 1360">
     <span class='ocr_line' id='line_1_9' title="bbox 525 1267 2504 1360; baseline -0.001 -25"><span class='ocrx_word' id='word_1_59' title='bbox 525 1267 700 1337; x_wconf 90' lang='lat' dir='ltr'>Tum</span> <span class='ocrx_word' id='word_1_60' title='bbox 719 1321 736 1355; x_wconf 86' lang='lat'><strong>,</strong></span> <span class='ocrx_word' id='word_1_61' title='bbox 789 1270 1113 1340; x_wconf 89' lang='lat' dir='ltr'>omnibus</span> <span class='ocrx_word' id='word_1_62' title='bbox 1159 1270 1359 1338; x_wconf 90' lang='lat' dir='ltr'>malis</span> <span class='ocrx_word' id='word_1_63' title='bbox 1406 1269 1807 1360; x_wconf 85' lang='lat' dir='ltr'>praedictis,</span> <span class='ocrx_word' id='word_1_64' title='bbox 1859 1269 2205 1336; x_wconf 89' lang='lat' dir='ltr'>evanescit</span> <span class='ocrx_word' id='word_1_65' title='bbox 2255 1268 2504 1358; x_wconf 83' lang='lat' dir='ltr'>imago.</span> 
     </span>
    </p>

    <p class='ocr_par' dir='ltr' id='par_1_8' title="bbox 449 1372 2697 1551">
     <span class='ocr_line' id='line_1_10' title="bbox 523 1372 2697 1460; baseline -0 -19"><span class='ocrx_word' id='word_1_66' title='bbox 523 1373 770 1443; x_wconf 89' lang='lat' dir='ltr'>Nonne</span> <span class='ocrx_word' id='word_1_67' title='bbox 816 1376 1049 1444; x_wconf 90' lang='lat' dir='ltr'>statim</span> <span class='ocrx_word' id='word_1_68' title='bbox 1095 1376 1522 1444; x_wconf 89' lang='lat' dir='ltr'>in.mentem</span> <span class='ocrx_word' id='word_1_69' title='bbox 1571 1375 1856 1445; x_wconf 90' lang='lat' dir='ltr'>veniunt</span> <span class='ocrx_word' id='word_1_70' title='bbox 1902 1374 2115 1442; x_wconf 86' lang='lat' dir='ltr'>verba</span> <span class='ocrx_word' id='word_1_71' title='bbox 2161 1372 2448 1442; x_wconf 85' lang='lat' dir='ltr'>Didonis</span> <span class='ocrx_word' id='word_1_72' title='bbox 2471 1425 2488 1460; x_wconf 88' lang='lat'>‚</span> <span class='ocrx_word' id='word_1_73' title='bbox 2538 1392 2697 1442; x_wconf 91' lang='lat' dir='ltr'>cum</span> 
     </span>
     <span class='ocr_line' id='line_1_11' title="bbox 449 1480 1456 1551; baseline 0.001 -3"><span class='ocrx_word' id='word_1_74' title='bbox 449 1480 748 1550; x_wconf 91' lang='lat' dir='ltr'>moriens</span> <span class='ocrx_word' id='word_1_75' title='bbox 794 1481 1070 1551; x_wconf 87' lang='lat' dir='ltr'>Aeneae</span> <span class='ocrx_word' id='word_1_76' title='bbox 1118 1482 1456 1551; x_wconf 88' lang='lat' dir='ltr'>minatur:</span> 
     </span>
    </p>

    <p class='ocr_par' dir='ltr' id='par_1_9' title="bbox 924 1584 2208 1675">
     <span class='ocr_line' id='line_1_12' title="bbox 924 1584 2208 1675; baseline -0.002 -20"><span class='ocrx_word' id='word_1_77' title='bbox 924 1588 1292 1673; x_wconf 86' lang='lat' dir='ltr'>„omnibus</span> <span class='ocrx_word' id='word_1_78' title='bbox 1340 1587 1586 1657; x_wconf 88' lang='lat' dir='ltr'>umbra</span> <span class='ocrx_word' id='word_1_79' title='bbox 1631 1586 1802 1655; x_wconf 91' lang='lat' dir='ltr'>locis</span> <span class='ocrx_word' id='word_1_80' title='bbox 1850 1584 2117 1655; x_wconf 88' lang='lat' dir='ltr'>adero.&#39;’</span> <span class='ocrx_word' id='word_1_81' title='bbox 2150 1584 2208 1675; x_wconf 76' lang='grc'>2)</span> 
     </span>
    </p>

    <p class='ocr_par' dir='ltr' id='par_1_10' title="bbox 438 1692 2699 2314">
     <span class='ocr_line' id='line_1_13' title="bbox 524 1692 2698 1784; baseline -0.002 -21"><span class='ocrx_word' id='word_1_82' title='bbox 524 1692 961 1784; x_wconf 88' lang='lat' dir='ltr'>Quamquam</span> <span class='ocrx_word' id='word_1_83' title='bbox 1035 1713 1176 1762; x_wconf 90' lang='lat' dir='ltr'>non</span> <span class='ocrx_word' id='word_1_84' title='bbox 1254 1694 1651 1784; x_wconf 84' lang='lat' dir='ltr'>negandum</span> <span class='ocrx_word' id='word_1_85' title='bbox 1729 1713 1811 1761; x_wconf 88' lang='lat' dir='ltr'>ea</span> <span class='ocrx_word' id='word_1_86' title='bbox 1882 1693 2143 1760; x_wconf 90' lang='lat' dir='ltr'>visione</span> <span class='ocrx_word' id='word_1_87' title='bbox 2221 1692 2479 1781; x_wconf 90' lang='lat' dir='ltr'>optime</span> <span class='ocrx_word' id='word_1_88' title='bbox 2548 1711 2698 1760; x_wconf 89' lang='lat' dir='ltr'>esse</span> 
     </span>
     <span class='ocr_line' id='line_1_14' title="bbox 438 1797 2699 1888; baseline -0.001 -21"><span class='ocrx_word' id='word_1_89' title='bbox 438 1799 776 1888; x_wconf 85' lang='lat' dir='ltr'>depictam</span> <span class='ocrx_word' id='word_1_90' title='bbox 837 1799 1171 1869; x_wconf 89' lang='lat' dir='ltr'>invidiam</span> <span class='ocrx_word' id='word_1_91' title='bbox 1233 1805 1302 1868; x_wconf 91' lang='lat' dir='ltr'>et</span> <span class='ocrx_word' id='word_1_92' title='bbox 1363 1799 1899 1870; x_wconf 87' lang='lat' dir='ltr'>aemulationem</span> <span class='ocrx_word' id='word_1_93' title='bbox 1963 1799 2227 1884; x_wconf 80' lang='lat' dir='ltr'>uxoriS‚</span> <span class='ocrx_word' id='word_1_94' title='bbox 2291 1797 2499 1866; x_wconf 89' lang='lat' dir='ltr'>etiam</span> <span class='ocrx_word' id='word_1_95' title='bbox 2545 1803 2699 1887; x_wconf 86' lang='lat' dir='ltr'>post</span> 
     </span>
     <span class='ocr_line' id='line_1_15' title="bbox 439 1904 2693 1993; baseline -0.001 -19"><span class='ocrx_word' id='word_1_96' title='bbox 439 1912 730 1974; x_wconf 88' lang='lat' dir='ltr'>mortem</span> <span class='ocrx_word' id='word_1_97' title='bbox 795 1906 1127 1993; x_wconf 90' lang='lat' dir='ltr'>amantis,</span> <span class='ocrx_word' id='word_1_98' title='bbox 1178 1912 1412 1975; x_wconf 89' lang='lat' dir='ltr'>tamen</span> <span class='ocrx_word' id='word_1_99' title='bbox 1459 1912 1642 1976; x_wconf 89' lang='lat' dir='ltr'>totus</span> <span class='ocrx_word' id='word_1_100' title='bbox 1688 1907 1880 1977; x_wconf 92' lang='lat' dir='ltr'>locus</span> <span class='ocrx_word' id='word_1_101' title='bbox 1927 1905 2301 1974; x_wconf 91' lang='lat' dir='ltr'>admodum</span> <span class='ocrx_word' id='word_1_102' title='bbox 2347 1904 2693 1993; x_wconf 91' lang='lat' dir='ltr'>displicet,</span> 
     </span>
     <span class='ocr_line' id='line_1_16' title="bbox 440 2011 2696 2100; baseline -0.001 -21"><span class='ocrx_word' id='word_1_103' title='bbox 440 2011 696 2081; x_wconf 88' lang='lat' dir='ltr'>femina</span> <span class='ocrx_word' id='word_1_104' title='bbox 728 2012 944 2081; x_wconf 87' lang='lat' dir='ltr'>nobili</span> <span class='ocrx_word' id='word_1_105' title='bbox 973 2013 1048 2080; x_wconf 91' lang='lat' dir='ltr'>in</span> <span class='ocrx_word' id='word_1_106' title='bbox 1084 2013 1410 2082; x_wconf 86' lang='lat' dir='ltr'>maritum</span> <span class='ocrx_word' id='word_1_107' title='bbox 1442 2012 1789 2081; x_wconf 84' lang='lat' dir='ltr'>infelicem</span> <span class='ocrx_word' id='word_1_108' title='bbox 1820 2011 2120 2099; x_wconf 86' lang='lat' dir='ltr'>furente,</span> <span class='ocrx_word' id='word_1_109' title='bbox 2146 2012 2355 2100; x_wconf 87' lang='lat' dir='ltr'>idque</span> <span class='ocrx_word' id='word_1_110' title='bbox 2378 2030 2696 2078; x_wconf 90' lang='lat' dir='ltr'>sermone</span> 
     </span>
     <span class='ocr_line' id='line_1_17' title="bbox 440 2115 2694 2208; baseline -0.001 -23"><span class='ocrx_word' id='word_1_111' title='bbox 440 2119 656 2208; x_wconf 83' lang='lat' dir='ltr'>magis</span> <span class='ocrx_word' id='word_1_112' title='bbox 719 2118 925 2188; x_wconf 86' lang='lat' dir='ltr'>alicui</span> <span class='ocrx_word' id='word_1_113' title='bbox 971 2118 1317 2187; x_wconf 90' lang='lat' dir='ltr'>meretrici</span> <span class='ocrx_word' id='word_1_114' title='bbox 1362 2120 1655 2188; x_wconf 89' lang='lat' dir='ltr'>reiectae</span> <span class='ocrx_word' id='word_1_115' title='bbox 1702 2140 1741 2188; x_wconf 93' lang='lat' dir='ltr'>e</span> <span class='ocrx_word' id='word_1_116' title='bbox 1789 2117 2098 2189; x_wconf 88' lang='lat' dir='ltr'>Suburra</span> <span class='ocrx_word' id='word_1_117' title='bbox 2144 2115 2660 2187; x_wconf 84' lang='lat' dir='ltr'>accommodato</span> <span class='ocrx_word' id='word_1_118' title='bbox 2678 2168 2694 2200; x_wconf 92' lang='lat'>‚</span> 
     </span>
     <span class='ocr_line' id='line_1_18' title="bbox 440 2224 2591 2314; baseline -0.001 -20"><span class='ocrx_word' id='word_1_119' title='bbox 440 2244 647 2313; x_wconf 86' lang='lat' dir='ltr'>quam</span> <span class='ocrx_word' id='word_1_120' title='bbox 694 2231 1049 2294; x_wconf 89' lang='lat' dir='ltr'>matronae</span> <span class='ocrx_word' id='word_1_121' title='bbox 1096 2225 1454 2294; x_wconf 86' lang='lat' dir='ltr'>Romanae</span> <span class='ocrx_word' id='word_1_122' title='bbox 1471 2278 1488 2312; x_wconf 88' lang='lat'>‚</span> <span class='ocrx_word' id='word_1_123' title='bbox 1538 2226 1809 2294; x_wconf 86' lang='lat' dir='ltr'>etiamsi</span> <span class='ocrx_word' id='word_1_124' title='bbox 1851 2225 2089 2294; x_wconf 88' lang='lat' dir='ltr'>inferis</span> <span class='ocrx_word' id='word_1_125' title='bbox 2134 2228 2410 2314; x_wconf 84' lang='lat' dir='ltr'>recepta</span> <span class='ocrx_word' id='word_1_126' title='bbox 2456 2224 2591 2292; x_wconf 87' lang='lat' dir='ltr'>est!</span> 
     </span>
    </p>

    <p class='ocr_par' dir='ltr' id='par_1_11' title="bbox 431 2329 2694 3377">
     <span class='ocr_line' id='line_1_19' title="bbox 528 2329 2691 2423; baseline -0 -24"><span class='ocrx_word' id='word_1_127' title='bbox 528 2330 614 2400; x_wconf 83' lang='lat' dir='ltr'>At</span> <span class='ocrx_word' id='word_1_128' title='bbox 673 2332 957 2401; x_wconf 87' lang='lat' dir='ltr'>historia</span> <span class='ocrx_word' id='word_1_129' title='bbox 1018 2333 1168 2423; x_wconf 91' lang='lat' dir='ltr'>ipsa</span> <span class='ocrx_word' id='word_1_130' title='bbox 1228 2332 1426 2400; x_wconf 86' lang='lat' dir='ltr'>docet</span> <span class='ocrx_word' id='word_1_131' title='bbox 1485 2332 1656 2401; x_wconf 90' lang='lat' dir='ltr'>illud</span> <span class='ocrx_word' id='word_1_132' title='bbox 1719 2332 2107 2418; x_wconf 91' lang='lat' dir='ltr'>somnium,</span> <span class='ocrx_word' id='word_1_133' title='bbox 2158 2351 2199 2400; x_wconf 91' lang='lat' dir='ltr'>a</span> <span class='ocrx_word' id='word_1_134' title='bbox 2244 2331 2525 2400; x_wconf 90' lang='lat' dir='ltr'>Lucano</span> <span class='ocrx_word' id='word_1_135' title='bbox 2571 2329 2691 2398; x_wconf 89' lang='lat' dir='ltr'>fic-</span> 
     </span>
     <span class='ocr_line' id='line_1_20' title="bbox 438 2438 2694 2529; baseline -0.001 -24"><span class='ocrx_word' id='word_1_136' title='bbox 438 2442 620 2526; x_wconf 88' lang='lat' dir='ltr'>tum,</span> <span class='ocrx_word' id='word_1_137' title='bbox 686 2458 822 2527; x_wconf 91' lang='lat' dir='ltr'>quo</span> <span class='ocrx_word' id='word_1_138' title='bbox 871 2439 1145 2508; x_wconf 80' lang='lat' dir='ltr'>animus</span> <span class='ocrx_word' id='word_1_139' title='bbox 1190 2438 1502 2529; x_wconf 91' lang='lat' dir='ltr'>Pompeii</span> <span class='ocrx_word' id='word_1_140' title='bbox 1547 2438 1865 2507; x_wconf 90' lang='lat' dir='ltr'>turbatus</span> <span class='ocrx_word' id='word_1_141' title='bbox 1913 2442 1979 2506; x_wconf 91' lang='lat' dir='ltr'>et</span> <span class='ocrx_word' id='word_1_142' title='bbox 2025 2438 2450 2527; x_wconf 87' lang='lat' dir='ltr'>poenitentia</span> <span class='ocrx_word' id='word_1_143' title='bbox 2496 2456 2694 2527; x_wconf 88' lang='lat' dir='ltr'>prae-</span> 
     </span>
     <span class='ocr_line' id='line_1_21' title="bbox 436 2541 2692 2637; baseline -0 -26"><span class='ocrx_word' id='word_1_144' title='bbox 436 2544 619 2613; x_wconf 86' lang='lat' dir='ltr'>teriti</span> <span class='ocrx_word' id='word_1_145' title='bbox 676 2546 1005 2634; x_wconf 76' lang='lat' dir='ltr'>tempor1s</span> <span class='ocrx_word' id='word_1_146' title='bbox 1067 2546 1324 2637; x_wconf 86' lang='lat' dir='ltr'>optime</span> <span class='ocrx_word' id='word_1_147' title='bbox 1379 2544 1837 2636; x_wconf 84' lang='lat' dir='ltr'>significatur,</span> <span class='ocrx_word' id='word_1_148' title='bbox 1891 2545 2190 2613; x_wconf 83' lang='lat' dir='ltr'>maxime</span> <span class='ocrx_word' id='word_1_149' title='bbox 2239 2564 2399 2612; x_wconf 90' lang='lat' dir='ltr'>cum</span> <span class='ocrx_word' id='word_1_150' title='bbox 2446 2541 2692 2633; x_wconf 89' lang='lat' dir='ltr'>proba-</span> 
     </span>
     <span class='ocr_line' id='line_1_22' title="bbox 434 2650 2687 2732; baseline -0 -14"><span class='ocrx_word' id='word_1_151' title='bbox 434 2650 693 2720; x_wconf 86' lang='lat' dir='ltr'>bilitate</span> <span class='ocrx_word' id='word_1_152' title='bbox 741 2652 1128 2720; x_wconf 89' lang='lat' dir='ltr'>convenire.</span> <span class='ocrx_word' id='word_1_153' title='bbox 1194 2651 1375 2720; x_wconf 90' lang='lat' dir='ltr'>Nam</span> <span class='ocrx_word' id='word_1_154' title='bbox 1415 2652 1647 2720; x_wconf 90' lang='lat' dir='ltr'>statim</span> <span class='ocrx_word' id='word_1_155' title='bbox 1679 2650 2340 2720; x_wconf 88' lang='lat' dir='ltr'>recordamur.illius</span> <span class='ocrx_word' id='word_1_156' title='bbox 2372 2650 2687 2732; x_wconf 81' lang='lat' dir='ltr'>visioniS‚</span> 
     </span>
     <span class='ocr_line' id='line_1_23' title="bbox 434 2755 2687 2847; baseline -0.001 -23"><span class='ocrx_word' id='word_1_157' title='bbox 434 2776 569 2845; x_wconf 90' lang='lat' dir='ltr'>qua</span> <span class='ocrx_word' id='word_1_158' title='bbox 614 2757 1006 2847; x_wconf 90' lang='lat' dir='ltr'>Iosephina‚</span> <span class='ocrx_word' id='word_1_159' title='bbox 1055 2759 1310 2826; x_wconf 89' lang='lat' dir='ltr'>misera</span> <span class='ocrx_word' id='word_1_160' title='bbox 1354 2777 1528 2826; x_wconf 86' lang='lat' dir='ltr'>uxor</span> <span class='ocrx_word' id='word_1_161' title='bbox 1569 2757 1935 2847; x_wconf 91' lang='lat' dir='ltr'>repudiata</span> <span class='ocrx_word' id='word_1_162' title='bbox 1969 2756 2413 2845; x_wconf 86' lang='lat' dir='ltr'>Napoleontis</span> <span class='ocrx_word' id='word_1_163' title='bbox 2445 2755 2687 2845; x_wconf 78' lang='lat' dir='ltr'>primi,</span> 
     </span>
     <span class='ocr_line' id='line_1_24' title="bbox 438 2862 2685 2955; baseline -0.001 -24"><span class='ocrx_word' id='word_1_164' title='bbox 438 2862 678 2933; x_wconf 89' lang='lat' dir='ltr'>ultima</span> <span class='ocrx_word' id='word_1_165' title='bbox 723 2869 926 2933; x_wconf 89' lang='lat' dir='ltr'>nocte</span> <span class='ocrx_word' id='word_1_166' title='bbox 973 2868 1132 2932; x_wconf 88' lang='lat' dir='ltr'>ante</span> <span class='ocrx_word' id='word_1_167' title='bbox 1180 2863 1521 2955; x_wconf 92' lang='lat' dir='ltr'>proelium</span> <span class='ocrx_word' id='word_1_168' title='bbox 1571 2864 1754 2955; x_wconf 92' lang='lat' dir='ltr'>apud</span> <span class='ocrx_word' id='word_1_169' title='bbox 1802 2863 2156 2933; x_wconf 86' lang='lat' dir='ltr'>Waterloo</span> <span class='ocrx_word' id='word_1_170' title='bbox 2205 2862 2685 2945; x_wconf 85' lang='lat' dir='ltr'>commissum,</span> 
     </span>
     <span class='ocr_line' id='line_1_25' title="bbox 432 2968 2684 3065; baseline 0 -29"><span class='ocrx_word' id='word_1_171' title='bbox 432 2970 679 3065; x_wconf 84' lang='lat' dir='ltr'>marito</span> <span class='ocrx_word' id='word_1_172' title='bbox 745 2971 820 3039; x_wconf 90' lang='lat' dir='ltr'>in</span> <span class='ocrx_word' id='word_1_173' title='bbox 888 2990 1132 3039; x_wconf 91' lang='lat' dir='ltr'>somno</span> <span class='ocrx_word' id='word_1_174' title='bbox 1205 2989 1571 3060; x_wconf 88' lang='lat' dir='ltr'>apparere,</span> <span class='ocrx_word' id='word_1_175' title='bbox 1646 2971 1847 3059; x_wconf 90' lang='lat' dir='ltr'>eique</span> <span class='ocrx_word' id='word_1_176' title='bbox 1916 2968 2285 3058; x_wconf 87' lang='lat' dir='ltr'>praeterita</span> <span class='ocrx_word' id='word_1_177' title='bbox 2345 2968 2684 3051; x_wconf 67' lang='lat' dir='ltr'>obiciam,</span> 
     </span>
     <span class='ocr_line' id='line_1_26' title="bbox 432 3065 2685 3164; baseline -0 -22"><span class='ocrx_word' id='word_1_178' title='bbox 432 3075 692 3144; x_wconf 84' lang='lat' dir='ltr'>exitum</span> <span class='ocrx_word' id='word_1_179' title='bbox 752 3075 1101 3146; x_wconf 88' lang='lat' dir='ltr'>funestum</span> <span class='ocrx_word' id='word_1_180' title='bbox 1163 3075 1561 3164; x_wconf 86' lang='lat' dir='ltr'>praedicere</span> <span class='ocrx_word' id='word_1_181' title='bbox 1618 3075 1996 3145; x_wconf 90' lang='lat' dir='ltr'>videbatur.</span> <span class='ocrx_word' id='word_1_182' title='bbox 2092 3065 2345 3143; x_wconf 84' lang='lat' dir='ltr'>Mirum</span> <span class='ocrx_word' id='word_1_183' title='bbox 2391 3077 2470 3142; x_wconf 92' lang='lat' dir='ltr'>ut</span> <span class='ocrx_word' id='word_1_184' title='bbox 2514 3072 2685 3143; x_wconf 89' lang='lat' dir='ltr'>haec</span> 
     </span>
     <span class='ocr_line' id='line_1_27' title="bbox 431 3179 2682 3271; baseline -0.001 -22"><span class='ocrx_word' id='word_1_185' title='bbox 431 3182 734 3269; x_wconf 89' lang='lat' dir='ltr'>somnia,</span> <span class='ocrx_word' id='word_1_186' title='bbox 799 3183 1088 3252; x_wconf 86' lang='lat' dir='ltr'>alterum</span> <span class='ocrx_word' id='word_1_187' title='bbox 1152 3181 1427 3252; x_wconf 86' lang='lat' dir='ltr'>saeculo</span> <span class='ocrx_word' id='word_1_188' title='bbox 1482 3182 1705 3271; x_wconf 90' lang='lat' dir='ltr'>primo</span> <span class='ocrx_word' id='word_1_189' title='bbox 1724 3234 1741 3268; x_wconf 89' lang='lat'>‚</span> <span class='ocrx_word' id='word_1_190' title='bbox 1806 3182 2097 3250; x_wconf 85' lang='lat' dir='ltr'>alterum</span> <span class='ocrx_word' id='word_1_191' title='bbox 2144 3180 2417 3248; x_wconf 90' lang='lat' dir='ltr'>saeculo</span> <span class='ocrx_word' id='word_1_192' title='bbox 2462 3179 2682 3248; x_wconf 89' lang='lat' dir='ltr'>unde-</span> 
     </span>
     <span class='ocr_line' id='line_1_28' title="bbox 432 3286 2094 3377; baseline -0.001 -21"><span class='ocrx_word' id='word_1_193' title='bbox 432 3287 754 3357; x_wconf 91' lang='lat' dir='ltr'>vicesimo</span> <span class='ocrx_word' id='word_1_194' title='bbox 802 3295 1192 3376; x_wconf 86' lang='lat' dir='ltr'>narratum,</span> <span class='ocrx_word' id='word_1_195' title='bbox 1240 3288 1424 3357; x_wconf 89' lang='lat' dir='ltr'>inter</span> <span class='ocrx_word' id='word_1_196' title='bbox 1468 3308 1543 3357; x_wconf 90' lang='lat' dir='ltr'>se</span> <span class='ocrx_word' id='word_1_197' title='bbox 1589 3289 2002 3377; x_wconf 84' lang='lat' dir='ltr'>congruant!</span> <span class='ocrx_word' id='word_1_198' title='bbox 2036 3286 2094 3377; x_wconf 83' lang='grc'>3)</span> 
     </span>
    </p>

    <p class='ocr_par' dir='ltr' id='par_1_12' title="bbox 425 3393 3087 3803">
     <span class='ocr_line' id='line_1_29' title="bbox 515 3393 3087 3506; baseline 0 -46"><span class='ocrx_word' id='word_1_199' title='bbox 515 3393 827 3483; x_wconf 90' lang='lat' dir='ltr'>Denique</span> <span class='ocrx_word' id='word_1_200' title='bbox 896 3394 1082 3464; x_wconf 90' lang='lat' dir='ltr'>aliud</span> <span class='ocrx_word' id='word_1_201' title='bbox 1150 3414 1370 3485; x_wconf 84' lang='lat' dir='ltr'>genus</span> <span class='ocrx_word' id='word_1_202' title='bbox 1431 3394 1871 3462; x_wconf 87' lang='lat' dir='ltr'>divinationis</span> <span class='ocrx_word' id='word_1_203' title='bbox 1933 3413 1973 3461; x_wconf 90' lang='lat' dir='ltr'>a</span> <span class='ocrx_word' id='word_1_204' title='bbox 2033 3394 2315 3463; x_wconf 90' lang='lat' dir='ltr'>Lucano</span> <span class='ocrx_word' id='word_1_205' title='bbox 2379 3412 2681 3461; x_wconf 89' lang='lat' dir='ltr'>comme·</span> <span class='ocrx_word' id='word_1_206' title='bbox 2707 3409 2999 3506; x_wconf 53' lang='lat' dir='ltr'>gggffffinua</span> <span class='ocrx_word' id='word_1_207' title='bbox 3043 3412 3087 3454; x_wconf 76' lang='lat' dir='ltr'>in</span> 
     </span>
     <span class='ocr_line' id='line_1_30' title="bbox 428 3496 2930 3591; baseline -0 -23"><span class='ocrx_word' id='word_1_208' title='bbox 428 3506 767 3588; x_wconf 85' lang='lat' dir='ltr'>moratur,</span> <span class='ocrx_word' id='word_1_209' title='bbox 845 3521 1096 3590; x_wconf 89' lang='lat' dir='ltr'>nempe</span> <span class='ocrx_word' id='word_1_210' title='bbox 1177 3501 1656 3590; x_wconf 78' lang='lat' dir='ltr'>necyomantia</span> <span class='ocrx_word' id='word_1_211' title='bbox 1678 3554 1695 3587; x_wconf 91' lang='lat'>‚</span> <span class='ocrx_word' id='word_1_212' title='bbox 1781 3500 2184 3591; x_wconf 83' lang='lat' dir='ltr'>longissima</span> <span class='ocrx_word' id='word_1_213' title='bbox 2260 3500 2680 3590; x_wconf 85' lang='lat' dir='ltr'>digressione</span> <span class='ocrx_word' id='word_1_214' title='bbox 2920 3496 2930 3506; x_wconf 84' lang='lat'>&#39;</span> 
     </span>
     <span class='ocr_line' id='line_1_31' title="bbox 425 3605 2683 3698; baseline -0.001 -23"><span class='ocrx_word' id='word_1_215' title='bbox 425 3607 579 3696; x_wconf 90' lang='lat' dir='ltr'>plus</span> <span class='ocrx_word' id='word_1_216' title='bbox 626 3627 835 3695; x_wconf 90' lang='lat' dir='ltr'>quam</span> <span class='ocrx_word' id='word_1_217' title='bbox 886 3608 1549 3698; x_wconf 81' lang='lat' dir='ltr'>quadringentorum</span> <span class='ocrx_word' id='word_1_218' title='bbox 1596 3627 1924 3678; x_wconf 87' lang='lat' dir='ltr'>versuum</span> <span class='ocrx_word' id='word_1_219' title='bbox 1970 3606 2055 3675; x_wconf 91' lang='lat' dir='ltr'>de</span> <span class='ocrx_word' id='word_1_220' title='bbox 2106 3606 2366 3676; x_wconf 88' lang='lat' dir='ltr'>artibus</span> <span class='ocrx_word' id='word_1_221' title='bbox 2396 3605 2683 3696; x_wconf 80' lang='lat' dir='ltr'>magicis</span> 
     </span>
     <span class='ocr_line' id='line_1_32' title="bbox 425 3712 2682 3803; baseline -0 -22"><span class='ocrx_word' id='word_1_222' title='bbox 425 3733 628 3803; x_wconf 84' lang='lat' dir='ltr'>sagae</span> <span class='ocrx_word' id='word_1_223' title='bbox 675 3713 1034 3783; x_wconf 89' lang='lat' dir='ltr'>cuiusdam</span> <span class='ocrx_word' id='word_1_224' title='bbox 1082 3714 1447 3783; x_wconf 89' lang='lat' dir='ltr'>Thessalae</span> <span class='ocrx_word' id='word_1_225' title='bbox 1492 3714 1771 3783; x_wconf 88' lang='lat' dir='ltr'>inserta.</span> <span class='ocrx_word' id='word_1_226' title='bbox 1843 3713 2090 3783; x_wconf 86' lang='lat' dir='ltr'>Sextus</span> <span class='ocrx_word' id='word_1_227' title='bbox 2123 3714 2310 3782; x_wconf 87' lang='lat' dir='ltr'>enim</span> <span class='ocrx_word' id='word_1_228' title='bbox 2327 3767 2345 3800; x_wconf 89' lang='lat'>‚</span> <span class='ocrx_word' id='word_1_229' title='bbox 2379 3712 2682 3781; x_wconf 88' lang='lat' dir='ltr'>nefarius</span> 
     </span>
    </p>
   </div>
   <div class='ocr_carea' id='block_1_3' title="bbox 429 3879 793 3891">
    <p class='ocr_par' dir='ltr' id='par_1_13' title="bbox 429 3879 793 3891">
     <span class='ocr_line' id='line_1_33' title="bbox 429 3879 793 3891; baseline 0 0"><span class='ocrx_word' id='word_1_230' title='bbox 429 3879 793 3891; x_wconf 95' lang='lat' dir='ltr'> </span> 
     </span>
    </p>
   </div>
   <div class='ocr_carea' id='block_1_4' title="bbox 420 3977 2679 4342">
    <p class='ocr_par' dir='ltr' id='par_1_14' title="bbox 420 3977 2679 4342">
     <span class='ocr_line' id='line_1_34' title="bbox 506 3977 2678 4058; baseline -0 -21"><span class='ocrx_word' id='word_1_231' title='bbox 506 3982 561 4046; x_wconf 78' lang='lat'>1)</span> <span class='ocrx_word' id='word_1_232' title='bbox 601 3979 801 4039; x_wconf 88' lang='lat' dir='ltr'>Phars.</span> <span class='ocrx_word' id='word_1_233' title='bbox 842 3979 1259 4058; x_wconf 75' lang='lat'><strong>111224—27,</strong></span> <span class='ocrx_word' id='word_1_234' title='bbox 1299 3977 1372 4039; x_wconf 88' lang='lat' dir='ltr'>cf.</span> <span class='ocrx_word' id='word_1_235' title='bbox 1419 3984 1626 4041; x_wconf 84' lang='lat'><strong>1—35.</strong></span> <span class='ocrx_word' id='word_1_236' title='bbox 1864 3981 1926 4055; x_wconf 81' lang='lat'>2)</span> <span class='ocrx_word' id='word_1_237' title='bbox 1966 3978 2178 4054; x_wconf 85' lang='lat' dir='ltr'>Vergil.</span> <span class='ocrx_word' id='word_1_238' title='bbox 2219 3979 2361 4038; x_wconf 88' lang='lat' dir='ltr'>Aen.</span> <span class='ocrx_word' id='word_1_239' title='bbox 2400 3978 2678 4038; x_wconf 74' lang='lat' dir='ltr'><strong>1V2386.</strong></span> 
     </span>
     <span class='ocr_line' id='line_1_35' title="bbox 501 4074 2679 4150; baseline -0 -15"><span class='ocrx_word' id='word_1_240' title='bbox 501 4081 560 4148; x_wconf 85' lang='lat'>3)</span> <span class='ocrx_word' id='word_1_241' title='bbox 602 4075 796 4135; x_wconf 87' lang='lat' dir='ltr'>Etiam</span> <span class='ocrx_word' id='word_1_242' title='bbox 850 4074 1006 4135; x_wconf 87' lang='lat' dir='ltr'>aliud</span> <span class='ocrx_word' id='word_1_243' title='bbox 1058 4076 1335 4135; x_wconf 89' lang='lat' dir='ltr'>somnium</span> <span class='ocrx_word' id='word_1_244' title='bbox 1376 4075 1633 4150; x_wconf 87' lang='lat' dir='ltr'>Pompeii</span> <span class='ocrx_word' id='word_1_245' title='bbox 1671 4077 1734 4134; x_wconf 90' lang='lat' dir='ltr'>in</span> <span class='ocrx_word' id='word_1_246' title='bbox 1774 4075 2072 4135; x_wconf 82' lang='lat' dir='ltr'>Pharsalia</span> <span class='ocrx_word' id='word_1_247' title='bbox 2112 4076 2394 4148; x_wconf 85' lang='lat' dir='ltr'>occurrit,</span> <span class='ocrx_word' id='word_1_248' title='bbox 2436 4074 2679 4134; x_wconf 86' lang='lat' dir='ltr'>fortasse</span> 
     </span>
     <span class='ocr_line' id='line_1_36' title="bbox 422 4170 2679 4250; baseline 0 -21"><span class='ocrx_word' id='word_1_249' title='bbox 422 4188 564 4229; x_wconf 92' lang='lat' dir='ltr'>unus</span> <span class='ocrx_word' id='word_1_250' title='bbox 618 4187 649 4229; x_wconf 89' lang='lat' dir='ltr'>e</span> <span class='ocrx_word' id='word_1_251' title='bbox 700 4171 1092 4245; x_wconf 87' lang='lat' dir='ltr'>pulcherrimis</span> <span class='ocrx_word' id='word_1_252' title='bbox 1144 4172 1284 4231; x_wconf 91' lang='lat' dir='ltr'>locis</span> <span class='ocrx_word' id='word_1_253' title='bbox 1336 4173 1512 4231; x_wconf 86' lang='lat' dir='ltr'>totius</span> <span class='ocrx_word' id='word_1_254' title='bbox 1568 4171 1861 4246; x_wconf 78' lang='lat' dir='ltr'>carminis3</span> <span class='ocrx_word' id='word_1_255' title='bbox 1912 4170 2015 4230; x_wconf 87' lang='lat' dir='ltr'>sed</span> <span class='ocrx_word' id='word_1_256' title='bbox 2054 4171 2210 4232; x_wconf 88' lang='lat' dir='ltr'>nulla</span> <span class='ocrx_word' id='word_1_257' title='bbox 2248 4188 2314 4231; x_wconf 88' lang='lat' dir='ltr'>re</span> <span class='ocrx_word' id='word_1_258' title='bbox 2351 4170 2679 4250; x_wconf 57' lang='lat' dir='ltr'>praedicta„</span> 
     </span>
     <span class='ocr_line' id='line_1_37' title="bbox 420 4265 2675 4342; baseline 0.001 -17"><span class='ocrx_word' id='word_1_259' title='bbox 420 4267 560 4326; x_wconf 88' lang='lat' dir='ltr'>nihil</span> <span class='ocrx_word' id='word_1_260' title='bbox 601 4285 728 4326; x_wconf 85' lang='lat' dir='ltr'>cum</span> <span class='ocrx_word' id='word_1_261' title='bbox 768 4273 1101 4342; x_wconf 86' lang='lat' dir='ltr'>argumento</span> <span class='ocrx_word' id='word_1_262' title='bbox 1141 4273 1337 4328; x_wconf 90' lang='lat' dir='ltr'>nostro</span> <span class='ocrx_word' id='word_1_263' title='bbox 1378 4283 1670 4327; x_wconf 87' lang='lat' dir='ltr'>commune</span> <span class='ocrx_word' id='word_1_264' title='bbox 1695 4267 1899 4342; x_wconf 83' lang='lat' dir='ltr'>habet3</span> <span class='ocrx_word' id='word_1_265' title='bbox 1941 4265 2013 4327; x_wconf 83' lang='lat' dir='ltr'>cf.</span> <span class='ocrx_word' id='word_1_266' title='bbox 2043 4268 2188 4326; x_wconf 86' lang='lat' dir='ltr'>VII:</span> <span class='ocrx_word' id='word_1_267' title='bbox 2215 4270 2423 4327; x_wconf 76' lang='lat'>7—44.</span> <span class='ocrx_word' id='word_1_268' title='bbox 2484 4267 2675 4327; x_wconf 82' lang='lat' dir='ltr'>Etiam</span> 
     </span>
    </p>
   </div>
   <div class='ocr_carea' id='block_1_5' title="bbox 418 4361 2675 4444">
    <p class='ocr_par' dir='ltr' id='par_1_15' title="bbox 418 4361 2675 4444">
     <span class='ocr_line' id='line_1_38' title="bbox 418 4361 2675 4444; baseline 0.002 -20"><span class='ocrx_word' id='word_1_269' title='bbox 418 4379 608 4425; x_wconf 85' lang='lat' dir='ltr'>rerum</span> <span class='ocrx_word' id='word_1_270' title='bbox 647 4364 956 4444; x_wconf 84' lang='lat' dir='ltr'>scriptores</span> <span class='ocrx_word' id='word_1_271' title='bbox 995 4364 1108 4430; x_wconf 89' lang='lat' dir='ltr'>hoc</span> <span class='ocrx_word' id='word_1_272' title='bbox 1133 4364 1409 4428; x_wconf 84' lang='lat' dir='ltr'>somnium</span> <span class='ocrx_word' id='word_1_273' title='bbox 1437 4369 1877 4428; x_wconf 84' lang='lat' dir='ltr'>commemorant</span> <span class='ocrx_word' id='word_1_274' title='bbox 1904 4361 1974 4427; x_wconf 85' lang='lat' dir='ltr'>cf.</span> <span class='ocrx_word' id='word_1_275' title='bbox 2001 4364 2152 4426; x_wconf 86' lang='lat' dir='ltr'>Plut.</span> <span class='ocrx_word' id='word_1_276' title='bbox 2180 4363 2249 4424; x_wconf 89' lang='lat' dir='ltr'>V.</span> <span class='ocrx_word' id='word_1_277' title='bbox 2276 4363 2473 4444; x_wconf 88' lang='lat' dir='ltr'>Pomp.</span> <span class='ocrx_word' id='word_1_278' title='bbox 2502 4381 2550 4429; x_wconf 90' lang='lat' dir='ltr'>c.</span> <span class='ocrx_word' id='word_1_279' title='bbox 2580 4369 2675 4428; x_wconf 87' lang='grc'>68.</span> 
     </span>
    </p>
   </div>
  </div>
 </body>
</html>
