3434 5159
362 1624 471 1664 Num
509 1623 574 1663 dei
616 1624 738 1664 Phar·

363 1676 489 1717 saliae
539 1677 622 1717 siut
674 1677 739 1716 dei

364 1729 587 1781 Epicurei?

1852 346 1942 414 28

853 560 988 628 Sed
1034 562 1102 628 et
1145 563 1353 631 homo
1403 563 1714 632 mortalis
1760 564 1828 630 et
1875 583 2158 633 carmen
2206 565 2484 652 epicum
2544 566 2847 654 aliquam
2894 567 3033 634 vim

765 665 1072 734 divinam
1131 687 1243 735 res
1303 667 1646 736 humanas
1691 673 2047 757 regentem
2095 669 2472 736 desiderat:
2525 689 2686 738 cum
2732 677 3035 759 tempor·

762 770 920 839 ibus
981 772 1189 838 etiam
1235 772 1546 841 moribus
1591 779 1660 839 et
1705 773 2148 860 opinionibus
2193 774 2510 859 mutatis,
2562 774 2862 841 Romani
2919 795 3035 842 ex·

766 874 926 942 culti
992 879 1060 942 et
1120 877 1370 945 eruditi
1432 878 1640 966 primi
1701 875 1960 945 saeculi
2023 898 2091 966 p.
2119 877 2193 945 C.
2219 898 2289 945 n.
2339 898 2482 945 non
2529 877 2827 966 amplius
2874 877 3036 956 deos

763 978 1110 1068 vulgares,
1174 981 1296 1048 sed
1356 1001 1610 1049 novam
1673 981 2182 1069 philosophiam
2230 982 2569 1049 colebant.
2663 981 2779 1049 Sic
2825 983 3035 1049 etiam

765 1083 838 1149 in
885 1082 1237 1152 Pharsalia
1283 1106 1546 1154 numen
1594 1086 1910 1154 divinum
1956 1087 2191 1153 omnia
2238 1086 2672 1174 gubernanS‚
2710 1090 2814 1153 est
2839 1072 3037 1153 'notio

765 1186 1271 1276 philosophica,
1359 1210 1612 1278 nempe
1680 1190 1930 1259 Fatum
1998 1190 2143 1257 sive
2211 1189 2552 1274 Fortuna,
2623 1191 2711 1257 de
2780 1190 3034 1278 quibus

766 1291 966 1379 plura
1010 1292 1084 1360 in
1133 1293 1478 1381 capitibus
1523 1293 1997 1382 sequentibus

855 1396 1015 1464 Deis
1060 1397 1459 1486 vulgaribus
1505 1404 1739 1466 autem
1784 1398 2090 1482 reiectiS‚
2141 1397 2532 1482 videamuS,
2584 1418 2756 1465 num
2802 1397 2917 1465 dei
2964 1398 3038 1465 in

767 1499 1118 1569 Pharsalia
1165 1503 1687 1569 commemorati
1734 1522 1818 1569 ex
1865 1501 2096 1588 aliqua
2148 1499 2584 1589 philosophia
2631 1501 2829 1589 petiti
2874 1502 3035 1568 sint.

854 1605 946 1673 Ut
992 1607 1128 1673 iam
1183 1626 1393 1693 supra
1439 1606 1737 1691 dictum,
1786 1605 2248 1693 omnibusque
2269 1611 2543 1691 notum,
2569 1605 2837 1674 Lucani
2859 1609 3038 1672 tem-

763 1709 1047 1797 poribus
1120 1710 1464 1798 imprimis
1539 1711 1715 1779 duae
1784 1709 2350 1797 philosophorum
2421 1708 2695 1776 scholae
2773 1709 3041 1776 Romae

765 1813 1144 1900 florebant,
1242 1833 1495 1902 nempe
1586 1813 2087 1902 Epicureorum
2174 1817 2243 1880 et
2325 1812 2736 1881 Stoicorum.
2864 1811 3043 1881 Sunt

764 1919 919 2005 qui,
967 1937 1217 2005 parum
1261 1917 1626 2007 diligenter
1670 1917 1927 1986 iudicio
1975 1916 2282 1984 adhibito
2301 1969 2318 2002 ,
2376 1922 2657 2004 putent,
2716 1916 3036 1985 mirabile

766 2021 986 2105 dictu,
1051 2026 1401 2108 nostrum,
1467 2026 1612 2089 tam
1674 2020 1923 2088 acerbe
1981 2022 2057 2087 in
2133 2020 2297 2088 deos
2360 2020 2834 2107 invehentem,
2881 2021 3035 2088 sine

766 2125 977 2193 dubio
1039 2132 1263 2194 castra
1307 2126 1589 2213 Epicuri
1635 2125 1914 2214 petiisse
1947 2124 2004 2214 1)
2023 2177 2039 2210 ,
2092 2130 2160 2192 et
2205 2144 2364 2194 cum
2411 2125 2543 2212 ipsi
2591 2123 2995 2213 intellegant
3012 2176 3033 2210 ,

766 2230 930 2297 satis
992 2230 1307 2297 mirabile
1368 2230 1585 2297 videri
1645 2229 1706 2297 si
1767 2227 2130 2316 Lucanus,
2188 2227 2369 2296 filius
2414 2228 2642 2295 fratriS
2688 2226 2994 2296 Senecae
3015 2280 3033 2313 ,

766 2334 1127 2401 clarissimi
1172 2334 1561 2423 philosophi
1607 2333 1854 2419 Stoici,
1903 2338 1971 2401 et
2019 2333 2308 2401 Cornuti
2354 2332 2566 2400 Stoici
2613 2332 2998 2420 discipulus
3019 2385 3037 2417 ,

763 2438 1268 2526 philosophiam
1316 2439 1731 2527 Epicuream
1780 2438 2179 2527 complexus
2226 2442 2437 2523 esset,
2488 2437 2716 2525 primo
2749 2441 3037 2503 conten-

768 2542 940 2610 dunt
987 2542 1149 2611 deos
1193 2541 1623 2611 Pharsalicos
1669 2544 1955 2610 omnino
2001 2561 2391 2630 repugnare
2438 2560 2480 2609 a
2511 2540 2825 2608 doctrina
2857 2538 3042 2607 Stoi-

768 2666 1007 2715 corum
1025 2700 1042 2733 ,
1121 2647 1370 2715 deinde
1444 2648 1676 2736 ipsum
1746 2647 2085 2715 Senecam
2153 2646 2431 2734 saepius
2499 2665 2662 2714 cum
2736 2643 3045 2733 Epicuro

767 2752 1156 2818 convenire.
1234 2751 1389 2820 Non
1437 2756 1538 2819 est
1584 2753 1802 2819 nostri
1847 2750 2178 2840 propositi
2227 2750 2514 2838 vestigia
2563 2746 3045 2837 philosophiae

767 2853 1149 2942 Epicureae
1196 2856 1378 2944 apud
1426 2855 1766 2923 Senecam
1812 2856 2174 2944 indagare,
2224 2854 2396 2921 haec
2425 2859 2662 2921 tamen
2694 2852 3040 2920 dicamus:

767 2960 1075 3046 saepiuS,
1112 2979 1273 3028 cum
1305 2961 1605 3048 quadam
1638 2960 2095 3028 admiratione
2126 2959 2427 3047 Epicuro
2461 2961 3003 3025 commemorato
3022 3008 3039 3040 ,

770 3062 1034 3131 Seneca
1080 3064 1261 3131 dicta
1306 3065 1589 3153 Epicuri
1633 3066 1718 3132 de
1765 3064 1975 3133 rebus
2022 3064 2265 3132 ethicis
2313 3062 2510 3130 affert
2532 3061 2590 3151 2)
2634 3060 2758 3129 sed
2790 3059 3045 3128 diserte

769 3172 976 3255 negat
1034 3187 1107 3235 se
1167 3188 1323 3236 eam
1369 3169 1457 3236 ob
1504 3189 1654 3237 rem
1701 3170 2061 3258 Epicureis
2110 3166 2717 3237 adnumerandum
2772 3185 2922 3233 esse
2954 3165 3038 3253 3).

771 3271 941 3356 Sed,
1006 3292 1095 3340 ne
1156 3273 1556 3343 aberremus
1618 3294 1659 3343 a
1718 3273 2113 3362 proposito,
2161 3273 2504 3361 Epicurus
2550 3271 2718 3338 deos
2761 3290 2874 3338 res
2919 3269 3042 3338 hu·

855 3592 911 3661 1)
955 3588 1042 3649 Cf.
1083 3589 1366 3649 Boissier:
1405 3587 1495 3648 La
1533 3588 1801 3661 Religion
1839 3588 2133 3647 Romaine.

851 3685 911 3754 2)
955 3682 1042 3742 cf.
1085 3683 1335 3742 Senecaz
1375 3683 1447 3742 de
1485 3682 1622 3741 Vita
1658 3682 1859 3741 Beata.
1928 3687 2018 3741 13.
2066 3688 2118 3739 1.
2200 3681 2388 3754 Epist.
2434 3683 2633 3737 2129.

852 3780 912 3849 3)
954 3777 1041 3836 cf.
1103 3777 1237 3836 Sen.
1295 3776 1484 3851 Epist.
1543 3782 1619 3835 8:
1657 3782 1690 3835 6
1751 3781 1979 3852 „potest
2032 3776 2193 3850 fieri,
2254 3780 2321 3834 ut
2371 3791 2462 3833 me
2504 3774 2825 3846 interroges
2866 3788 3044 3845 quare

772 3873 844 3932 ab
883 3872 1139 3945 Epicuro
1178 3877 1297 3934 tam
1335 3872 1515 3931 multa
1553 3873 1700 3932 bene
1740 3872 1896 3930 dicta
1935 3871 2177 3930 referam
2195 3913 2211 3946 ,
2252 3870 2446 3943 potius
2474 3884 2643 3942 quam
2671 3872 3000 3926 nostrorum
3013 3865 3043 3925 P

773 3966 922 4043 Quid
982 3972 1071 4026 est
1126 3971 1319 4025 tamen
1379 3982 1556 4039 quare
1615 3972 1682 4025 tu
1742 3966 1883 4026 istas
1943 3966 2183 4039 Epicuri
2246 3980 2413 4025 voces
2471 3967 2640 4036 putes
2701 3977 2826 4021 esse
2842 4006 2858 4034 ‚
2915 3977 3032 4020 non

768 4061 1027 4135 publicas
1040 4059 1106 4119 ?”
1154 4061 1474 4134 iterumque
1525 4061 1864 4135 quibusdam
1919 4062 2089 4136 plane
2129 4078 2256 4119 cum
2296 4059 2550 4133 Epicuro
2591 4055 3038 4130 congruentibus

771 4157 964 4215 allatis
980 4198 998 4230 ,
1039 4155 1227 4215 additx
1271 4155 1464 4229 „Nolo
1502 4156 1630 4215 illas
1674 4156 1916 4231 Epicuri
1951 4172 2076 4215 esse
2117 4155 2441 4214 existimest
2482 4152 2747 4226 publicae
2788 4154 2952 4224 sunt,
2984 4155 3045 4209 et

771 4249 1013 4310 maxime
1056 4248 1348 4309 nostrae.'’
1387 4250 1461 4310 cf.
1501 4250 1691 4325 Epist.
1735 4256 1811 4311 33
1835 4270 1851 4311 z
1879 4257 1929 4310 1.
1972 4249 2045 4311 cf.
2087 4249 2155 4309 F.
2200 4248 2494 4323 Ogereau:
2537 4244 2800 4320 Systeme
2826 4243 3040 4305 Philos.

773 4346 874 4408 des
915 4343 1196 4407 Stoiciens
1234 4361 1330 4420 pg.
1372 4349 1508 4406 291.
