3434 5159
1591 340 1683 408 85

495 564 731 649 detur,
781 583 925 632 non
973 562 1297 652 expedire
1343 582 1749 651 possumuS,
1801 581 1939 651 quo
1988 563 2195 631 modo
2228 564 2533 632 Fortuna
2566 584 2778 635 sensu

494 668 872 757 EpicureO,
924 668 1111 736 caeci
1160 687 1395 754 casuS,
1447 667 1853 756 accipienda
1889 668 1999 735 sit.
2074 667 2210 735 Sed
2245 668 2456 735 etiam
2487 669 2780 758 scriptor

495 772 915 841 Brittanicus
962 773 1165 859 vidit,
1200 774 1365 841 satis
1398 772 1779 841 absurdum
1813 792 1990 857 esse,
2027 772 2087 839 si
2118 771 2425 841 Fortuna
2454 772 2528 841 in
2561 773 2775 843 Phar-

494 877 666 944 salia
712 897 837 965 pro
886 898 1052 947 casu
1100 879 1499 966 accipiatur.

586 980 1019 1061 Quaeramus
1063 984 1309 1073 igitur,
1358 1002 1496 1070 quo
1544 982 1752 1050 modo
1797 983 2018 1052 fatum
2066 987 2133 1050 et
2179 982 2515 1069 Fortuna,
2566 982 2774 1052 simul
2804 998 2896 1039 Quo
2933 997 3053 1038 modo
3092 998 3186 1038 For·

2806 1053 2908 1090 tuna
2966 1053 3008 1090 et
3056 1051 3186 1091 fatum

496 1094 1072 1174 commemorata,
1119 1089 1304 1155 inter
1349 1108 1423 1155 se
1471 1088 1840 1155 cohaerere
1885 1088 2272 1156 videantur.
2807 1103 2926 1196 {123
2957 1113 3002 1143 ee
3045 1102 3170 1145 cohme

586 1190 855 1277 Caesar,
905 1193 1345 1261 Rubiconem
1390 1194 1810 1261 transiturus
1825 1239 1845 1274 ,
1893 1191 2263 1260 Plutarcho
2311 1196 2626 1278 auctore,
2662 1211 2779 1258 ex·
2930 1186 2939 1196 '

496 1294 851 1364 clamavit:
924 1298 1121 1384 „alea
1167 1299 1346 1366 iacta
1393 1299 1612 1380 esto'’;
1663 1298 1991 1366 Lucanus
2038 1302 2311 1384 autem,
2360 1295 2482 1365 tali
2529 1316 2780 1385 oppor-

494 1401 789 1469 tunitate
857 1402 979 1470 fati
1040 1407 1107 1471 et
1168 1403 1485 1473 fortunae
1546 1397 1985 1471 inducendae
2048 1421 2190 1471 non
2253 1401 2744 1491 praetermissa
2762 1453 2779 1486 ,
2827 1458 2830 1464 A

494 1504 667 1573 haec
711 1508 924 1576 verba
972 1510 1037 1576 ei
1082 1510 1358 1578 tribuit:

583 1610 760 1695 „Hic
808 1614 937 1700 ait,
985 1615 1099 1683 hic
1144 1635 1391 1704 pacem
1436 1618 1912 1702 temerataque
1957 1614 2113 1681 iura
2157 1611 2510 1700 relinquo:

583 1721 686 1801 te,
735 1717 1078 1805 Fortuna,
1127 1740 1399 1807 sequor.
1469 1718 1718 1787 Procul
1766 1719 1933 1786 hinc
1980 1719 2120 1785 iam
2166 1717 2445 1785 foedera
2489 1722 2718 1785 sunto·

587 1819 1025 1893 Credidimus
1072 1824 1250 1893 fatis,
1341 1825 1697 1893 Utendum
1746 1830 1849 1892 est
1893 1824 2124 1893 iudice
2170 1822 2418 1892 be110.”
2449 1820 2507 1909 1)

586 1924 838 1995 Caesar
882 1930 1129 2018 igitur,
1180 1935 1418 1998 eratne
1462 1930 1672 1998 homo
1720 1936 1865 1997 tam
1911 1928 2201 1998 stolidus
2221 1982 2238 2015 ,
2284 1934 2360 1996 ut
2394 1927 2782 1995 continenti

494 2030 742 2118 spiritu
789 2032 927 2102 duo
974 2036 1273 2104 numina
1316 2035 1524 2124 plane
1558 2035 2004 2103 abhorrentia
2036 2031 2508 2102 memoraret‘?
2556 2030 2780 2098 Immo

495 2137 946 2226 perspicuum
995 2144 1099 2208 est
1143 2141 1494 2209 fortunam
1543 2139 1719 2208 nihil
1769 2139 1956 2208 aliud
2005 2160 2155 2207 esse
2203 2138 2339 2207 nisi
2385 2138 2416 2205 f
2426 2155 2580 2207 avo
2597 2156 2688 2203 re
2706 2155 2779 2203 m
2878 2226 2884 2235 θ

494 2239 525 2306 f
535 2242 689 2309 ati:
739 2242 992 2312 diserte
1039 2245 1208 2314 dicit
1252 2266 1327 2314 se
1373 2266 1650 2333 semper
1694 2245 1851 2314 fatis
1884 2244 2291 2332 credidisse,
2328 2249 2534 2333 atque
2567 2241 2778 2309 etiam

496 2351 669 2415 tunc
715 2367 798 2416 ea
843 2354 1249 2420 secuturum
1297 2370 1467 2419 esse.

582 2450 771 2521 Alibi
836 2454 957 2523 illa
1024 2456 1320 2525 numina
1388 2456 1616 2524 eidem
1688 2457 1791 2525 rei
1852 2456 2131 2525 studere
2192 2455 2546 2523 videntur:
2610 2471 2777 2520 nam

496 2555 788 2626 Caesare
820 2561 1085 2648 patriae
1118 2560 1379 2629 bellum
1414 2561 1612 2629 clvile
1634 2562 1977 2630 inferente
2002 2561 2441 2647 Romamque
2465 2563 2775 2646 petente,

493 2661 524 2727 f
534 2666 673 2729 ata
730 2676 1071 2752 rumpunt
1133 2671 1419 2734 cunctas
1483 2666 1767 2755 pudoris
1831 2685 2062 2735 moras
2083 2718 2100 2751 ,
2165 2665 2481 2733 Fortuna
2543 2667 2776 2731 autem

494 2765 758 2834 laborat
802 2774 881 2837 ut
928 2774 1156 2837 motus
1201 2770 1387 2839 illius
1435 2771 1682 2839 nefarii
1728 2772 1924 2840 ducis
1969 2773 2264 2839 iustos
2309 2767 2573 2836 reddat.

582 2869 739 2939 Alio
784 2873 935 2942 loco
982 2894 1224 2943 rursus
1273 2875 1479 2943 ambo
1510 2876 1586 2943 in
1618 2895 1946 2944 scaenam
1979 2875 2359 2963 prodeunt,
2393 2878 2775 2960 utrumque

365 2988 369 2993 ·
493 2994 654 3043 suas
737 2983 968 3066 partes
1057 2999 1290 3069 agens,
1398 2979 1689 3049 Summo
1771 2986 2031 3049 terrore
2099 2980 2366 3048 Romae
2435 2981 2775 3067 regnante

494 3085 773 3168 propter
833 3082 1200 3152 Caesarem
1256 3085 1935 3174 appropinquantem
1953 3139 1970 3171 ,
2022 3085 2271 3174 aliquis
2291 3138 2308 3171 ,
2360 3082 2560 3171 (artis
2608 3101 2773 3150 con-

495 3184 764 3254 solandi
822 3190 1118 3277 perituS,
1184 3196 1263 3258 ut
1323 3191 1596 3259 videtur
1617 3189 1665 3280 1)
1726 3210 1983 3280 magno
2030 3189 2265 3259 timori
2312 3186 2629 3275 exempla
2675 3187 2775 3255 sic

494 3291 794 3377 quaerit:

583 3393 786 3479 „Non
832 3396 1035 3484 alios,
1085 3399 1346 3488 inquit,
1395 3405 1627 3470 motus
1671 3407 1824 3470 tum
1870 3400 2010 3468 fata
2055 3398 2433 3488 parabant,

584 3519 746 3569 cum
791 3508 947 3590 post
991 3503 1405 3574 Teutonicos
1450 3507 1669 3574 victor
1714 3505 2147 3594 Libycosque
2193 3501 2585 3592 triumphos

584 3605 779 3674 exsul
824 3606 1070 3677 limosa
1115 3610 1377 3679 Marius
1425 3615 1633 3699 caput
1680 3610 1947 3678 abdidit
1991 3608 2179 3678 ulua.

583 3713 827 3800 stagna
874 3714 1058 3781 avidi
1102 3720 1336 3783 texere
1382 3716 1511 3783 soli
1556 3716 1895 3803 laxaeque
1941 3714 2230 3803 paludes

584 3813 1009 3906 depositum,
1058 3821 1399 3906 Fortuna,
1448 3821 1714 3890 tuum.’'
1746 3820 1805 3910 2>

585 3917 772 3989 Fatis
829 3922 1042 4012 igitur
1104 3925 1501 4014 agentibuS,
1564 3945 1675 3993 res
1737 3925 2097 3992 Romanae
2151 3921 2602 3990 mutabantur
2647 3940 2773 3988 no-

494 4045 760 4115 vusque
823 4034 1054 4098 motus
1122 4030 1548 4118 parabantur
1565 4083 1583 4116 ,
1656 4029 1911 4118 quibus
1981 4027 2243 4097 Marius
2315 4027 2389 4095 in
2454 4025 2772 4096 exsilium

578 4262 637 4332 1)
679 4258 879 4320 Phars.
919 4258 1267 4319 1:225-6.

578 4358 638 4430 2)
762 4395 794 4436 ρ
923 4351 1529 4417 1126801.H=131.
