3434 5159
1857 355 1952 424 46

943 581 1108 664 „aut
1150 576 1266 645 hic
1311 581 1527 664 errat,
1574 577 1704 664 ait,
1754 576 1948 646 nulla
1993 593 2156 647 cum
2201 578 2352 670 le'ge
2398 593 2524 670 per
2569 589 2822 652 aevum

941 681 1247 752 mundus
1261 735 1280 769 ,
1329 686 1399 750 et
1442 682 1708 750 incerto
1755 682 2155 754 discurrunt
2199 684 2428 754 sidera
2475 692 2708 758 motu:

938 792 1059 856 aut
1103 788 1163 855 si
1207 786 1346 855 fata
1391 794 1676 857 movent
1692 839 1710 875 ,
1757 787 1919 857 urbi
1964 790 2341 879 generique
2387 799 2673 880 paratur

940 892 1250 960 humano
1297 898 1572 961 matura
1615 891 1806 962 lues”
1856 942 1872 959 .
1968 946 1983 961 .
2083 946 2097 962 .
2193 946 2208 963 .
2243 893 2303 984 1)

853 995 991 1064 Sed
1044 998 1106 1065 si
1167 997 1324 1085 quis
1368 993 1799 1065 Pharsaliam
1845 995 2250 1087 perlegerit,
2298 1019 2443 1067 non
2490 1000 2612 1070 diu
2659 1001 3046 1092 dubitabit,

762 1109 990 1170 utram
1054 1102 1456 1190 opinionem
1517 1101 1843 1171 Lucanus
1905 1101 2266 1193 amplexus
2330 1106 2457 1172 sit=
2515 1106 2791 1176 nullum
2839 1129 3049 1179 voca-

765 1207 1008 1276 bulum
1054 1212 1199 1274 tam
1246 1226 1453 1294 saepe
1498 1206 1574 1274 in
1622 1208 1934 1276 carmine
1980 1209 2316 1297 occurrit,
2365 1214 2511 1278 tam
2557 1230 2765 1302 saepe
2812 1213 2890 1282 in
2924 1236 3046 1284 ore

764 1312 972 1381 habet
1016 1317 1254 1401 poeta,
1305 1330 1384 1380 ac
1431 1311 1673 1382 fatum.

359 1435 425 1528 Aer
411 1446 506 1497 ιιιιιο
453 1437 525 1477 not
575 1435 652 1478 1oe1
691 1489 720 1528 ,
855 1416 992 1486 Sed
1054 1421 1430 1505 antequam
1491 1419 1883 1487 accuratius
1942 1420 2379 1508 inquiramus
2397 1473 2415 1508 ‚
2481 1422 2651 1510 quid
2712 1422 3048 1494 Lucanus

354 1500 439 1592 ιἰιιο
381 1490 618 1582 ιοῗιιιῗιιηῗο
636 1490 741 1583 ’τ”ἶιῖ
767 1523 852 1591 de
912 1521 1050 1592 ‘fato
1111 1522 1440 1608 senserit,
1502 1526 1580 1591 ut
1643 1524 1881 1592 omnia
1944 1523 2249 1594 dilucida
2308 1524 2479 1595 fiant
2535 1527 2745 1596 etiam
2792 1529 2878 1597 iis
2926 1532 3051 1618 qui

357 1604 461 1644 ⁸⁸⁰⁰
412 1598 540 1636 “m
766 1630 928 1698 huic
973 1627 1449 1718 philosophiae
1496 1634 1907 1718 argumento
1947 1647 2231 1719 operam
2278 1650 2422 1700 non
2464 1633 2786 1701 navarint
2802 1636 3049 1723 ‚prius

766 1732 1155 1803 Stoicorum
1214 1731 1301 1800 de
1362 1731 1501 1800 fato
1555 1733 1946 1804 doctrinam
1993 1756 2205 1825 quam
2253 1738 2693 1827 paucissimis
2739 1753 3049 1827 expona-

767 1860 955 1925 mus,
1018 1858 1162 1908 non
1220 1842 1299 1906 ut
1359 1837 1545 1906 nov'a
1606 1835 1917 1926 allaturi,
1979 1840 2103 1909 sed
2154 1839 2640 1911 tantummodo
2686 1851 2798 1913 res
2846 1848 3050 1914 notas

766 1943 1149 2013 ordinando
1195 1948 1402 2031 atque
1448 1944 1930 2032 componendo
1976 1952 2470 2037 argumentum
2518 1951 2838 2016 nostrum
2884 1946 3048 2017 illu-

765 2051 1067 2119 straturi.
1098 2050 1154 2135 ²)

854 2154 1067 2224 Stoici
1110 2153 1254 2221 iam
1283 2149 1678 2224 censebant
1725 2160 1976 2228 cuncta
2021 2153 2158 2246 legi
2205 2160 2528 2225 aeternae
2574 2171 2819 2246 parere
2837 2210 2856 2244 ,
2891 2177 3049 2226 om-

765 2261 1020 2350 niaque
1051 2279 1136 2328 ex
1168 2257 1741 2329 antecedentibus
1772 2253 2278 2330 'necessitate
2310 2262 2509 2350 sequi
2542 2268 2749 2350 atque
2781 2257 3036 2351 fluere,

765 2384 973 2434 causa
1019 2383 1300 2433 causam
1349 2356 1434 2431 eit
1480 2365 1886 2434 aeternitate
1932 2369 2231 2436 serente.

852 2468 1043 2540 Nihil
1086 2470 1297 2560 igitur
1343 2467 1541 2536 aliter
1586 2467 1738 2537 fieri
1782 2475 2041 2559 potest,
2093 2488 2305 2560 quam
2356 2469 2467 2558 fit,
2516 2477 2584 2540 et
2612 2472 2875 2542 factum
2908 2479 3050 2559 est,

763 2575 1089 2644 omnibus
1156 2572 1622 2663 pendentibus
1691 2595 1731 2643 e
1800 2577 2027 2645 causis
2042 2630 2059 2664 ,
2133 2595 2312 2665 quae
2372 2577 2676 2646 invicem
2740 2597 2826 2645 ex
2892 2578 3051 2646 aliis

764 2682 991 2751 causis
1052 2686 1330 2749 secutae
1391 2683 1588 2767 sunt,
1639 2685 1707 2749 et
1753 2681 1855 2749 sic
1900 2682 1974 2750 in
2023 2688 2405 2753 aeternum.
2498 2669 2698 2751 Hanc
2738 2682 3047 2750 necessi-

764 2792 977 2855 tatem
1026 2790 1259 2855 autem
1303 2783 1778 2853 inevitabilem
1824 2786 2086 2856 fatum
2133 2787 2518 2876 appellant,
2571 2787 2671 2855 sic
2704 2806 2746 2855 a
2775 2783 3047 2856 Seneca

762 2890 1160 2960 definitum:
1211 2887 1439 2978 „Quid
1488 2892 1678 2960 enim
1724 2890 2067 2982 intellegis
2098 2892 2316 2962 fatum
2334 2893 2371 2961 ‘l
2427 2889 2765 2962 Existimo
2799 2913 3046 2962 neces-

845 3138 902 3205 1)
945 3133 1145 3192 Phars.
1186 3132 1572 3191 1:642—45.

842 3233 903 3301 2)
943 3228 1020 3287 In
1074 3229 1183 3288 hoc
1234 3228 1503 3302 dogmate
1557 3225 1911 3287 enucleando
1963 3223 2243 3300 imprimis
2282 3227 2387 3288 hos
2428 3231 2693 3288 auctores
2709 3272 2727 3303 ‚
2770 3225 3043 3303 operibus

761 3324 1012 3384 Senecae
1033 3368 1051 3399 ‚
1126 3324 1413 3383 nonnullis
1479 3319 1750 3397 operibus
1815 3321 2226 3396 philosophicis
2293 3307 2588 3382 Ciceronis
2612 3367 2629 3398 ,
2700 3325 3046 3399 saepiusque

758 3420 1112 3496 philosophis
1151 3419 1388 3480 Graecis
1428 3418 1697 3494 perlectis
1739 3422 1799 3478 et
1840 3417 2116 3477 consultis
2131 3461 2149 3493 ,
2192 3420 2376 3478 secuti
2415 3433 2642 3478 sumus:

838 3515 909 3575 E.
953 3516 999 3574 Z
1015 3516 1164 3574 elle
1179 3532 1240 3573 r:
1280 3514 1393 3574 Die
1430 3512 1802 3587 Philosophie
1841 3512 1947 3573 der
1985 3510 2289 3574 Griecheu.
2330 3509 2435 3573 111.

840 3610 910 3671 F.
953 3610 1319 3684 Ogereau:
1374 3605 1547 3669 Essai
1600 3623 1701 3669 sur
1752 3610 1808 3669 le
1848 3606 2094 3684 systema
2133 3607 2574 3684 philosophique
2615 3608 2717 3670 des
2756 3607 3044 3669 Stoiciens

758 3724 853 3781 pg.
898 3711 993 3767 51.

839 3803 906 3863 Ο.
949 3801 1220 3861 Heine=
1260 3800 1582 3861 Stoicorum
1620 3801 1694 3862 de
1732 3799 1856 3861 fato
1895 3800 2175 3862 doctrina.

836 3898 919 3956 M.
963 3896 1004 3956 S
1021 3903 1260 3957 tuart:
1305 3895 1458 3958 Over
1495 3897 1596 3958 het
1634 3896 1873 3956 noodlot
1910 3897 1990 3972 bij
2033 3896 2106 3956 de
2133 3895 2353 3957 Ouden.
2395 3896 2549 3957 Kon.
2578 3896 2811 3958 Nederl.
2839 3896 3038 3958 Instit.

757 3996 862 4056 111.
901 4014 994 4071 pg.
1041 4000 1137 4054 82.

836 4091 933 4152 Le
973 4092 1021 4151 B
1037 4096 1195 4152 atte
1210 4108 1329 4151 ux:
1392 4086 1558 4149 Idees
1599 4089 1700 4149 des
1742 4088 2022 4148 Stoiciens
2061 4105 2162 4148 sur
2199 4089 2257 4148 la
2294 4088 2520 4148 Nature
2558 4087 2636 4147 de·
2671 4089 2820 4149 Dieu
2860 4094 2920 4149 et
2959 4088 3040 4148 du

617 4232 630 4237 -
758 4189 990 4260 Destin‚
1051 4188 1114 4246 in
1166 4201 1342 4260 opere
1405 4184 1749 4257 „Memoires
1789 4183 1862 4244 de
1900 4183 2249 4244 l’Academie
2290 4184 2391 4244 des
2431 4182 2707 4259 Inscript.
2749 4188 2808 4242 et
2846 4183 3045 4246 Belles

755 4281 1045 4344 Lettres.”
1108 4282 1176 4341 T.
1219 4286 1316 4341 32.
1378 4298 1472 4356 pg.
1520 4285 1654 4341 100.

837 4382 902 4440 Ρ.
946 4379 1205 4453 Bayle:
1247 4378 1399 4437 Dict.
1442 4377 1591 4437 Hist.
1633 4383 1691 4436 et
1734 4375 2010 4449 Critique.
2074 4393 2121 4436 s.
2165 4394 2217 4436 v.
2263 4375 2600 4450 Chrysippe.
