3434 5159
1515 330 1606 397 29

424 553 771 622 humanas
833 570 1111 637 curare,
1174 549 1460 617 omnino
1524 553 1748 637 negat.
1841 548 2202 618 Lucretius
2264 550 2452 617 enim
2471 603 2488 634 ‚
2539 551 2707 618 doc-

425 659 686 725 trinam
731 656 1020 744 Epicuri
1067 674 1457 743 exponens,
1508 653 1720 719 dixit:
2205 733 2211 739 ⁵

653 762 926 849 „omnis
972 760 1161 827 enim
1208 779 1332 847 per
1377 778 1451 825 se
1499 757 1732 824 divom
1782 761 2031 824 natura
2078 763 2424 825 necessest

649 864 1029 933 immortali
1076 883 1243 931 aevo
1290 881 1566 932 summa
1613 881 1775 928 cum
1822 880 1993 948 pace
2041 862 2307 929 fruatur

647 976 914 1037 semota
961 969 1048 1038 ab
1096 969 1349 1036 nostris
1394 966 1604 1035 rebus
1651 965 2109 1052 seiunctaque
2156 966 2398 1055 longe”
2430 967 2489 1056 1)

430 1073 733 1162 alibique
781 1073 922 1162 agit
967 1072 1052 1139 de
1100 1072 1220 1140 iis:

563 1178 788 1264 „bene
835 1177 956 1265 qui
1003 1175 1307 1243 didicere
1354 1174 1520 1243 deos
1566 1193 1895 1243 securum
1942 1194 2147 1263 agere
2195 1175 2500 1243 aevom.'’
2538 1176 2596 1265 2)

522 1281 647 1349 Dei
673 1282 905 1369 igitur,
940 1280 1265 1349 omnibus
1300 1280 1481 1348 curis
1512 1279 1720 1348 soluti
1749 1284 1817 1346 et
1841 1280 2026 1347 beati
2050 1279 2366 1348 habitant
2389 1283 2465 1349 in
2490 1282 2705 1350 inter-

429 1386 772 1471 mundiis,
808 1385 866 1474 ⁸)
932 1404 1160 1473 neque
1218 1385 1305 1452 ab
1351 1383 1756 1451 hominibus
1804 1390 2244 1453 metuuntur:
2301 1405 2513 1470 „nam
2562 1406 2706 1454 non

432 1491 809 1558 metuimus
869 1508 1020 1568 eos,
1083 1507 1255 1576 quos
1302 1486 1770 1576 intellegimus
1818 1508 1947 1556 nec
1993 1489 2124 1556 sibi
2173 1487 2434 1579 fingere
2479 1489 2696 1558 ullam

432 1593 857 1678 molestiam,
905 1612 1038 1660 nec
1084 1591 1280 1659 alteri
1324 1611 1691 1680 quaerere:
1743 1597 1811 1659 et
1855 1593 1969 1682 pie
2001 1599 2376 1682 sancteque
2410 1594 2701 1663 colimus

314 1744 321 1748 >
434 1704 757 1767 naturam
821 1695 1272 1764 excellentem
1321 1701 1526 1783 atque
1573 1696 2081 1784 praestantem”
2128 1699 2356 1787 inquit
2402 1698 2705 1767 Velleius

434 1802 852 1890 EpicureuS‚
924 1799 1106 1889 apud
1180 1800 1588 1868 Ciceronem
1638 1799 1723 1885 4).
1835 1801 1925 1868 At
1992 1808 2233 1870 contra
2302 1803 2504 1892 „quis
2562 1823 2706 1870 non

433 1908 675 1973 timeat
733 1905 971 1973 omnia
1030 1904 1506 1993 providentem
1571 1910 1778 1993 atque
1840 1906 2253 1995 cogitantem
2274 1961 2291 1993 ,
2358 1914 2425 1974 et
2480 1909 2707 1974 anim-

438 2010 907 2077 advertentem
954 2013 1023 2075 et
1052 2009 1290 2076 omnia
1319 2009 1407 2076 ad
1437 2029 1511 2076 se
1542 2010 1891 2097 pertinere
1921 2016 2314 2098 putantem,
2348 2012 2698 2081 curiosum

440 2119 509 2180 et
570 2112 860 2201 plenum
920 2113 1178 2201 negotii
1239 2111 1464 2181 Deum
1485 2112 1539 2180 !’'
1573 2112 1631 2201 ⁵)
1728 2113 1915 2182 Deus
1975 2120 2212 2182 tamen
2275 2117 2710 2184 venerandus

442 2223 767 2306 „propter
825 2219 1256 2285 maiestatem
1305 2217 1455 2285 eius
1488 2218 1850 2305 eximiam,
1900 2219 2460 2308 singularemque
2508 2226 2711 2289 natu·
2825 2275 2831 2283 .

441 2322 657 2388 ram.''
749 2320 990 2389 Paullo
1039 2319 1199 2388 ante
1245 2320 1332 2387 de
1380 2321 1526 2388 deis
1573 2322 1841 2389 dixerat
1887 2322 2229 2392 Velleius:
2262 2344 2467 2410 „vere
2499 2345 2707 2413 expo-

441 2426 572 2492 sita
638 2424 757 2492 illa
826 2427 1170 2493 sententia
1239 2429 1342 2493 est
1404 2425 1491 2492 ab
1538 2425 1874 2513 Epicuro:
1925 2428 2111 2515 quod
2155 2428 2439 2496 beatum
2487 2434 2709 2497 aeter-

442 2549 750 2617 numque
792 2531 914 2615 sit,
957 2530 1030 2597 id
1070 2550 1200 2598 nec
1223 2529 1480 2597 habere
1511 2532 1766 2618 negotii
1791 2532 2361 2620 quicquam‚'nec
2386 2533 2710 2601 exhibere

442 2633 672 2701 alteri:
722 2634 955 2722 itaque
1000 2654 1229 2722 neque
1276 2636 1379 2701 ira
1425 2654 1652 2723 neque
1700 2636 1919 2723 gratia
1964 2637 2220 2721 teneri,
2267 2638 2488 2726 quod,
2533 2657 2712 2725 quae

443 2737 606 2804 talia
653 2743 914 2824 essent,
966 2738 1318 2807 imbecilla
1363 2745 1595 2807 essent
1640 2740 1939 2807 omnia.’'
1977 2740 2036 2829 ⁶)
2132 2741 2234 2808 Ex
2281 2741 2390 2809 his
2437 2748 2504 2808 et
2550 2762 2710 2830 per-

445 2839 681 2909 multis
727 2842 895 2910 locis
947 2849 1229 2932 apparet
1277 2843 1679 2911 Lucretium
1729 2848 1797 2911 et
1841 2844 2219 2932 Epicureos
2268 2847 2500 2914 minus
2548 2845 2713 2913 deos

444 2944 630 3032 ipsos
677 2965 890 3033 quam
935 2947 1343 3037 religionem
1389 2948 1824 3036 impugnare.

534 3048 786 3117 Nonne
850 3056 1082 3120 autem
1144 3052 1316 3118 haec
1378 3052 1616 3118 omnia
1671 3071 1833 3119 cum
1888 3052 2376 3120 informatione
2424 3053 2713 3121 deorum

444 3151 840 3221 Pharsaliae
914 3156 1283 3243 pugnanti>
1391 3153 1573 3232 Quid
1646 3154 1755 3222 his
1831 3155 1977 3222 deis
2037 3155 2431 3243 Epicureis,
2494 3158 2715 3225 beatis

446 3262 508 3324 et
622 3258 857 3326 otiosis
881 3311 899 3344 ,
1001 3260 1122 3347 qui
1221 3278 1448 3346 neque
1543 3257 1941 3327 hominibus
2030 3260 2395 3347 provident
2485 3281 2716 3349 neque

444 3361 831 3430 molestiam
906 3363 1242 3449 afferunt,
1324 3363 1490 3451 quid
1563 3383 1935 3431 commune
2005 3384 2165 3432 curn
2235 3364 2381 3433 deis
2449 3366 2716 3433 Lucani

445 3468 697 3534 invidis
722 3519 740 3553 ‚
819 3467 1145 3536 omnibus
1216 3469 1425 3536 rebus
1494 3488 1568 3535 se
1637 3468 2091 3536 miscentibus
2117 3521 2132 3543 ,
2208 3471 2327 3557 qui
2396 3470 2715 3537 homines

448 3569 744 3638 oderunt
803 3571 1026 3659 iisque
1063 3571 1229 3639 ,odio
1275 3572 1493 3640 sunt‘?
1586 3571 1792 3639 Modo
1839 3593 1981 3640 uno
2030 3572 2177 3640 loco
2225 3574 2458 3661 aliqua
2507 3573 2716 3641 verba

449 3673 522 3741 in
568 3673 925 3742 Pharsalia
968 3676 1447 3760 inveniuntur,
1497 3696 1677 3764 quae
1725 3675 2165 3764 aliquomodo
2199 3677 2273 3744 in
2298 3679 2715 3744 sententiam

449 3775 863 3864 Epicuream
926 3779 1319 3867 detorqueri
1363 3780 1652 3866 possint.
1701 3779 1955 3848 Caesar
2000 3780 2185 3869 apud
2232 3782 2485 3879 milites
2531 3781 2719 3848 sedi-

536 4032 592 4103 1)
633 4028 864 4088 Lucret.
903 4030 1139 4087 11:646
1170 4045 1254 4102 sq.
1497 4034 1558 4102 2)
1599 4028 1831 4089 Lucret.
1872 4030 2109 4090 V1258.

534 4129 593 4198 3)
633 4124 865 4184 Lucret.
906 4124 1030 4183 111:
1057 4129 1159 4198 18,
1202 4123 1292 4182 V:
1320 4127 1449 4181 146.
1492 4123 1609 4184 Cic.
1651 4125 1723 4184 de
1762 4125 1835 4185 N.
1875 4125 1947 4183 D.
1990 4126 2316 4184 1:19251.

532 4223 594 4293 4)
636 4218 756 4279 Cic.
796 4219 868 4278 de
907 4218 982 4278 N.
1027 4217 1104 4277 D.
1146 4218 1467 4278 1:20256.
1713 4223 1774 4292 5)
1817 4219 1934 4279 Cic.
1974 4218 2047 4278 de
2085 4219 2160 4278 N.
2201 4219 2275 4279 D.
2318 4220 2642 4280 1:20254.

538 4318 598 4388 6)
680 4357 714 4389 ,,
798 4313 871 4374 de
909 4313 985 4372 N.
1026 4312 1100 4372 D.
1140 4312 1465 4373 1:18245.
