3434 5159
1441 960 1854 1030 CAPUT
1934 962 2050 1030 III.

1080 1144 1229 1226 Quid
1286 1144 1557 1211 Lucanus
1611 1146 1688 1212 de
1745 1146 2001 1213 Fortuna
2054 1148 2336 1214 senserit.
2362 1150 2411 1223 ¹)

926 1326 1136 1385 Fatum
1192 1330 1252 1385 et
1302 1325 1535 1385 fortuna
1586 1329 1747 1386 iuxta
1788 1335 2312 1389 commemorantur.
2353 1361 2431 1370 —-
2471 1329 2731 1387 Fortuna
2771 1328 2880 1386 dea

1005 1421 1281 1479 Romana.
1322 1454 1399 1463 -—
1428 1422 1701 1481 Homines
1730 1425 1882 1482 inter
1905 1421 2085 1482 fatum
2114 1429 2172 1484 et
2198 1422 2484 1483 fortunam
2516 1438 2631 1481 non
2659 1439 2881 1495 semper

1007 1515 1384 1587 distinguunt.
1438 1548 1516 1558 -—
1568 1517 1830 1576 Fortuna
1883 1519 2051 1592 vulgo
2106 1518 2215 1577 dea
2273 1535 2456 1577 casuS.
2495 1551 2572 1560 -
2627 1517 2888 1576 Fortuna

1006 1611 1216 1683 primas
1258 1616 1450 1684 partes
1493 1613 1630 1684 agit.
1656 1646 1734 1655 —-
1762 1613 2021 1672 Fortuna
2047 1615 2324 1687 imprimis
2353 1613 2586 1672 Caesari
2612 1611 2786 1671 favet.
2806 1644 2886 1655 —

1010 1705 1193 1763 Poeta
1231 1706 1558 1780 saepissime
1597 1707 1891 1766 Fortunae
1932 1709 2298 1767 conviciatur.
2338 1741 2417 1750 —
2456 1707 2718 1766 Fortuna
2759 1723 2888 1765 cru-

1007 1799 1149 1858 delis
1195 1806 1255 1859 et
1275 1803 1537 1874 maligna.
1558 1835 1636 1843 —
1656 1803 1933 1861 Homines
1952 1804 2283 1883 saepissime
2303 1803 2617 1863 Fortunam
2642 1802 2887 1875 compel-

1010 1896 1146 1952 lant.
1202 1928 1279 1937 -—
1333 1896 1592 1955 Fortuna
1637 1897 1748 1956 dea
1787 1899 2125 1972 personalis.
2175 1931 2255 1940 -
2308 1898 2568 1957 Fortuna
2605 1898 2667 1955 in
2707 1895 2887 1954 Phar-

1010 1989 1154 2048 salia
1179 1991 1417 2049 consilia
1443 2008 1546 2050 sua
1571 1998 1784 2066 mutat,
1819 2009 1937 2051 non
1961 2009 2083 2066 per
2110 2010 2181 2052 se
2207 1997 2397 2052 autem
2426 1993 2775 2051 inconstans.
2806 2022 2879 2032 —-·

1008 2083 1245 2156 Aliquot
1283 2086 1424 2144 locis
1463 2086 1723 2146 Fortuna
1762 2104 1854 2145 res
1889 2087 2169 2161 providet.
2195 2121 2260 2130 —
2300 2088 2559 2146 Fortuna
2583 2085 2886 2161 praesagia

1008 2178 1126 2237 dat.
1165 2212 1242 2221 -—
1282 2181 1593 2253 Perpaucis
1632 2182 1774 2240 locis
1814 2182 2075 2241 Fortuna
2113 2199 2221 2256 pro
2264 2199 2401 2242 casu
2441 2182 2766 2241 adhibetur.
2807 2213 2883 2222 —

1008 2273 1216 2332 Fatum
1258 2281 1317 2334 et
1355 2275 1612 2335 Fortuna
1651 2293 1769 2336 non
1799 2278 1952 2335 inter
1978 2293 2039 2335 se
2067 2281 2451 2351 opponuntur.
2490 2310 2560 2318 —
2590 2275 2887 2335 Sententia

1010 2369 1266 2428 Nisardii
1307 2370 1619 2430 'mirabilis
1671 2405 1752 2414 —-
1813 2372 2070 2431 Fortuna
2127 2372 2277 2431 idem
2339 2388 2406 2432 ac
2465 2370 2649 2431 fatum
2710 2370 2886 2443 signi-

1011 2463 1163 2523 ficat.
1218 2498 1296 2508 —-
1351 2465 1649 2525 Sententia
1701 2466 2033 2526 Heitlandii.
2076 2500 2152 2510 —
2196 2467 2489 2539 Quomodo
2529 2466 2789 2525 Fortuna
2831 2469 2891 2523 et

1014 2558 1195 2618 fatum
1234 2561 1407 2640 ‘inter
1464 2578 1526 2620 se
1585 2561 1948 2621 cohaereant.
2009 2596 2088 2605 —
2150 2563 2410 2621 Fortuna
2464 2562 2629 2635 quasi
2684 2561 2893 2619 ancilla

1013 2652 1138 2714 fati.
1179 2687 1257 2697 -—
1300 2657 1495 2728 Qualis
1529 2657 1706 2730 igitur
1732 2657 1994 2716 Fortuna
2017 2659 2079 2716 in
2105 2658 2405 2719 Pharsalia
2432 2657 2790 2731 depingatur.
2813 2687 2891 2697 —-

1015 2750 1197 2820 Quam
1256 2750 1330 2809 ob
1390 2767 1510 2809 rem
1569 2752 1829 2810 Fortuna
1889 2754 1973 2811 sic
2031 2753 2355 2812 inducatur.
2407 2784 2486 2794 —
2541 2752 2738 2811 Etiam
2794 2749 2893 2808 alii

1016 2849 1221 2917 poetae
1278 2844 1458 2904 fatum
1514 2853 1572 2905 et
1616 2847 1932 2906 Fortunam
1973 2849 2445 2907 assimilaverunt.
2483 2879 2562 2889 —
2606 2846 2758 2904 Num
2801 2845 2894 2904 dei

1014 2937 1330 2998 Fortunam
1391 2942 1760 3002 constituant.
1822 2976 1900 2984 —
1960 2942 2126 3001 Aliae
2187 2941 2632 3016 significationes
2684 2940 2892 2999 Fortu·

1019 3049 1144 3093 nae.
1189 3068 1265 3077 —
1307 3035 1567 3096 Fortuna
1606 3038 1771 3110 quasi
1810 3037 2038 3111 gemm,
2079 3037 2336 3095 homines
2377 3037 2673 3095 comitans,

219 3237 367 3297 ratus
417 3240 458 3275 ει
502 3234 597 3274 ror·
715 3213 962 3280 Fatum
1027 3218 1094 3280 et
1156 3213 1464 3299 fortuna,
1529 3213 1697 3301 quid
1757 3214 1940 3295 inter
2000 3232 2074 3281 se
2134 3214 2631 3302 repugnantius
2690 3217 2898 3301 atque

219 3290 597 3382 fflssssoffissrfm'
627 3317 979 3386 inimicius
1048 3316 1217 3407 fingi
1283 3319 1559 3407 potest‘?
1631 3318 1824 3398 Quae
1894 3319 2211 3387 notiones
2280 3319 2500 3408 magis
2571 3319 2753 3385 inter
2824 3337 2898 3384 se

629 3422 1055 3509 discrepant,
1122 3443 1332 3510 quam
1395 3423 1560 3490 ordo
1624 3427 1689 3490 et
1746 3424 1959 3491 series
2007 3443 2412 3507 causarum,
2460 3421 2573 3488 lex
2620 3428 2901 3489 aeterna

632 3527 911 3610 mundi,
983 3526 1069 3593 ab
1138 3527 1604 3595 inconstantia
1673 3547 1919 3596 caecae
1986 3527 2230 3595 fortis?
2298 3527 2513 3594 Valde
2583 3525 2899 3593 mirabile

631 3631 868 3719 igitur,
935 3631 1124 3718 quod⁸
1180 3633 1255 3698 in
1303 3632 1657 3700 Pharsalia
1703 3638 1908 3721 poeta
1952 3633 2146 3700 iuxta
2190 3631 2444 3716 fatum,
2497 3636 2747 3699 cuncta
2792 3648 2901 3695 re-

635 3756 838 3823 gem,
887 3735 1028 3803 fere
1077 3736 1433 3804 ducenties
1479 3737 1859 3806 Fortunam
1909 3740 2444 3821 commemorat,
2479 3735 2681 3823 eique
2712 3753 2904 3802 sum-

635 3860 824 3907 mam
871 3845 1281 3929 potestatem
1330 3841 1602 3927 tribuit,
1652 3843 1750 3910 ita
1797 3847 1875 3910 ut
1921 3841 2134 3909 lector
2180 3840 2622 3930 perturbatus
2654 3839 2907 3907 frustra

638 3964 678 4011 a
744 3965 819 4013 se
889 3951 1206 4034 quaerat,
1273 3966 1452 4035 quae
1514 3947 1652 4033 viS,
1715 3946 1936 4015 fatum
2000 3965 2090 4013 an
2151 3946 2459 4030 fortuna,
2524 3944 2907 4032 plurimum

726 4198 783 4267 1)
840 4193 1204 4259 (Inevitabile
1256 4190 1367 4250 fuit
1418 4192 1528 4251 hoc
1585 4191 1775 4266 capite
1826 4192 2020 4266 plures
2073 4192 2229 4250 locos
2281 4191 2396 4250 iam
2440 4207 2616 4265 supra
2652 4189 2916 4250 laudatos

639 4289 848 4349 iterum
888 4286 1136 4361 afferre.)
