3434 5159
1847 341 1982 415 116

768 568 906 639 Sed
968 565 1172 639 multi
1231 568 1601 656 scriptores
1661 572 1928 639 veteres
1989 565 2293 656 probant
2349 567 2565 641 etiam
2620 566 3057 657 temporibus

770 673 1271 764 antiquissimis
1361 673 1682 745 homines
1705 725 1725 759 ,
1818 673 2255 764 philosophia
2337 673 2624 763 quidem
2701 672 3010 745 eruditos
3034 726 3053 760 ‚

770 781 983 850 vitam
1051 779 1448 866 mortalem,
1516 779 1702 851 curis
1763 784 1831 849 et
1895 777 2288 865 laboribuS,
2356 779 2743 853 inimicitiis
2804 783 2871 846 et
2935 799 3058 868 spe

767 885 1090 955 frustrata
1149 885 1510 971 refertam,
1576 883 1752 953 nihil
1816 883 2007 955 aliud
2052 904 2204 957 esse
2254 885 2392 955 nisi
2437 904 2616 954 onus
2637 937 2657 971 ‚
2706 883 3059 974 plerisque

771 995 957 1060 certe
1003 990 1469 1061 animantium
1492 1043 1510 1079 ‚
1557 995 1859 1080 putasse.

859 1095 1008 1164 Iam
1085 1094 1473 1171 Herodotus
1495 1148 1512 1182 ‚
1593 1094 1824 1185 lepida
1891 1095 2127 1171 fabula
2195 1094 2283 1167 de
2356 1093 2597 1171 Cleohi
2666 1101 2735 1166 et
2806 1095 3055 1165 Bitone

770 1206 1049 1270 narrata
1065 1254 1083 1288 ,
1132 1200 1431 1270 affirmat
1476 1200 1688 1271 deum
1734 1200 1871 1270 illis
1917 1201 2289 1275 iuvenibus
2334 1201 2733 1291 praemium
2781 1200 3058 1290 pietatis
3126 1264 3130 1270 .

768 1311 1067 1376 mortem
1113 1305 1417 1392 dedisse,
1469 1311 1548 1376 ut
1596 1306 1984 1381 maximum
2032 1306 2323 1395 donum,
2361 1306 2551 1395 quod
2581 1306 2754 1381 deus
2785 1305 3056 1374 homini

769 1412 934 1480 dare
978 1418 1242 1501 posset,
1276 1413 1335 1496 1)
1387 1411 1770 1485 Menander
1815 1418 2051 1485 autem
2098 1413 2302 1500 dicit,
2354 1432 2570 1502 quem
2616 1410 2689 1483 di
2728 1410 3056 1500 diligant,

770 1517 1090 1586 iuvenem
1168 1518 1367 1593 mori.
1472 1517 1610 1593 Sed
1685 1517 2034 1607 imprimis
2099 1538 2262 1589 cum
2310 1516 2762 1608 opinionibus
2808 1516 3058 1584 ethicis

772 1622 1162 1699 Stoicorum
1223 1623 1704 1701 Romanorum
1766 1624 2091 1701 convenit
2154 1623 2327 1694 illud
2378 1622 2804 1699 desiderium
2850 1621 3059 1691 vehe-

773 1747 972 1796 mens
1018 1729 1259 1797 mortis
1274 1781 1292 1815 ,
1342 1734 1419 1798 ut
1462 1728 1892 1799 liberationis
1941 1735 2008 1801 et
2056 1730 2354 1820 perfugii
2412 1729 2735 1803 omnium
2777 1726 3062 1799 calami-

773 1839 995 1907 tatum
1014 1887 1031 1921 ,
1083 1834 1270 1922 quod
1309 1835 1715 1924 praesertim
1748 1833 2055 1909 Senecae
2087 1836 2345 1925 scripta
2377 1839 2593 1904 notat.
2617 1832 2680 1923 2)
2728 1831 3063 1905 Dolemus

774 1938 961 2027 quod
1023 1938 1216 2011 locus
1277 1945 1345 2009 et
1394 1946 1886 2031 argumentum
1933 1941 2136 2015 nohis
2183 1961 2328 2018 non
2374 1941 2541 2011 sinit
2588 1940 2930 2017 disserere
2975 1937 3063 2005 de

771 2045 1138 2113 sententiis
1215 2046 1666 2135 antiquorum
1742 2046 2090 2136 imprimis
2163 2046 2557 2121 Stoicorum
2581 2098 2599 2132 ,
2678 2045 2767 2113 de
2837 2050 3062 2115 morte

773 2149 1164 2221 voluntaria
1211 2156 1281 2219 et
1327 2155 1673 2240 quatenus
1719 2171 1762 2221 a
1807 2153 2062 2225 nostris
2110 2151 2565 2243 opinionibus
2610 2149 2979 2227 recedant:
3013 2150 3061 2234 3)

776 2259 845 2323 at
890 2254 1251 2331 videamus
1297 2277 1436 2346 quo
1482 2257 1691 2333 modo
1738 2258 2065 2335 Lucanus
2113 2258 2512 2348 aequalium
2557 2256 2924 2346 opiniones
2954 2254 3063 2323 his

778 2359 863 2429 de
909 2360 1123 2431 rebus
1169 2364 1600 2453 expresserit.

729 2512 756 2542 a
871 2467 1244 2558 Pompeius
1261 2522 1278 2555 ,
1329 2468 1657 2540 omnihus
1702 2469 1914 2540 rebus
1958 2470 2247 2560 perditis
2263 2523 2281 2555 ,
2330 2474 2640 2543 extremo
2671 2471 3061 2552 momento,

738 2575 755 2585 '
787 2592 829 2641 a
875 2572 1211 2664 Septimio
1258 2574 1473 2662 ictus,
1521 2575 1828 2651 moriens
1875 2595 2117 2647 secum
2163 2575 2504 2666 loquitur:

1832 2687 2240 2768 „mutantur
2285 2699 2618 2771 prospera
2665 2678 2875 2748 vitae:

1281 2789 1462 2863 'non
1508 2783 1585 2855 fit
1631 2791 1857 2863 morte
1903 2786 2179 2863 miser?
2214 2785 2277 2875 4)

863 3112 921 3186 1)
961 3108 1176 3181 Herod.
1216 3109 1400 3170 1:31.
1486 3108 1604 3183 Cic.
1646 3109 1815 3173 Tuse.
1856 3109 2204 3177 1:422113
2246 3108 2320 3171 cf.
2363 3110 2685 3177 Mimnerm.
2728 3110 2840 3187 frg.
2882 3117 2943 3172 2.

1259 3206 1523 3283 „abtim
1569 3205 1916 3283 τεθνάμεναι
1961 3206 2195 3285 βέλτιον
2243 3207 2278 3283 ἢ
2323 3207 2581 3286 βίοτος-Γ

859 3312 925 3387 2)
964 3311 1097 3375 sen.
1153 3311 1340 3387 Epist.
1394 3310 1591 3389 XXIV
1609 3355 1627 3387 ,
1682 3311 1880 3389 LXX,
1936 3311 2147 3389 LVIIL
2201 3312 2371 3391 GonS.
2426 3313 2503 3374 ad
2542 3313 2728 3390 Marc.
2767 3314 2948 3387 CXX.
2989 3314 3064 3375 de

777 3407 1085 3579 Ιωξ-Βῗὲὲέ
1096 3412 1192 3563 5cf.
1234 3503 1329 3581 W.
1370 3502 1443 3563 Ε.
1485 3501 1560 3562 Η.
1602 3501 1880 3579 Lecky:
1921 3503 2070 3567 Hist.
2113 3502 2179 3567 of
2213 3504 2525 3587 European
2565 3504 2842 3582 Morals.‘'
2871 3506 3060 3567 Lond.

776 3601 935 3752 llozig
950 3597 1304 3752 38ffiigxrprimis
1357 3597 1659 3675 legendum
1713 3615 1810 3677 pg.
1867 3602 2212 3675 223-238,
2268 3600 2370 3660 ubi
2425 3601 2599 3663 etiam
2653 3602 2862 3662 multos
2918 3603 3060 3673 alios

860 3786 946 3847 Cf.
1009 3786 1343 3865 Lipsius:
1411 3787 1817 3858 „Manducatio
1877 3790 1952 3851 ad
2012 3790 2263 3850 Stoicam
2316 3790 2802 3868 Philosophiam”,
2847 3793 2927 3853 lib
2972 3794 3059 3865 111

779 3883 1085 4041 dmg-seii.
1111 3889 1221 4041 ἐξα..
1275 3980 1773 4042 Baumhauer:
1834 3981 1941 4059 „de
1979 3982 2170 4047 Morte
2213 3982 2609 4044 Voluntaria.’'
2692 3983 2941 4045 Traiect.
2985 3984 3060 4045 ad

778 4078 963 4139 Rhen-
1011 4081 1196 4152 1843,
1239 4079 1339 4153 qui
1364 4095 1459 4153 pg.
1489 4083 1805 4140 219—256
1835 4079 1937 4140 dat
1961 4080 2215 4141 tabulam
2243 4080 2701 4156 chronologicam
2728 4084 2845 4142 455
2876 4082 3064 4156 scrip-

781 4180 970 4236 tornm
1024 4175 1405 4235 recentiorum
1450 4174 1524 4235 de
1563 4180 1749 4236 morte
1790 4176 2139 4237 voluntaria!
2203 4176 2251 4236 0
2292 4177 2576 4237 hominem
2615 4178 2885 4239 miserum
2903 4221 2921 4252 ,
2966 4179 3065 4254 qni

786 4288 883 4333 eos
925 4286 1120 4331 omnes
1160 4271 1502 4347 perlegeris!

867 4370 927 4443 4)
969 4366 1171 4430 Pham.
1212 4366 1351 4428 VIII
1372 4385 1388 4430 z
1413 4371 1546 4432 631.
