3434 5159
1548 356 1633 426 21

452 581 588 648 mis
650 582 735 648 iis
796 581 872 648 in
936 579 1202 648 deliciis
1261 585 1453 649 sunt:
1524 580 1691 667 „qui
1751 599 2053 667 poenam
2111 581 2419 668 pendent
2465 579 2728 647 aeterni

453 684 687 752 exitii''
727 683 780 773 ¹)
854 684 1021 772 „qui
1082 685 1376 754 abibunt
1435 685 1522 751 ad
1587 690 1949 752 aeternum
2004 683 2468 772 supplicium''
2501 682 2560 772 2)
2610 689 2729 752 aut

451 794 826 875 „tenentur
873 794 1152 856 aeterno
1197 788 1496 859 iudicio”
1522 786 1604 876 ³).

544 892 656 960 Nil
703 892 960 962 mirum
1005 895 1250 982 igitur,
1298 894 1357 961 si
1403 893 1731 964 Lucanus
1774 914 2088 983 paganus
2136 891 2243 980 <ut
2298 892 2400 961 illi
2445 911 2723 976 omnes,

452 999 575 1085 qui
643 1017 683 1065 a
751 1018 826 1065 se
897 998 1341 1083 dissentiant,
1417 997 1768 1087 appellant
1783 998 1835 1087 ‚)
1908 1000 2029 1087 qui
2092 1004 2253 1065 ante
2320 996 2726 1086 religionem

454 1099 921 1170 Christianam
1013 1109 1463 1193 propagatam
1482 1158 1500 1191 ,
1583 1104 1818 1172 ideam
1886 1109 2030 1172 tam
2101 1103 2510 1187 sublimem,
2580 1106 2725 1167 tam

454 1206 798 1274 excelsam
843 1207 971 1275 Dei
1018 1210 1315 1276 amantis
1357 1209 1672 1279 nondum
1715 1215 1877 1277 ante
1913 1208 2150 1278 oculos
2180 1207 2437 1276 habere
2459 1211 2728 1294 poterat

338 1399 344 1406 .
453 1312 560 1394 (ut
587 1311 907 1380 homines
937 1313 1038 1401 pii
1078 1318 1353 1381 nostrae
1378 1313 1681 1403 aetatis),
1715 1318 1974 1382 statum
2004 1332 2240 1381 rerum
2272 1317 2341 1380 et
2373 1311 2725 1378 miseriam

453 1414 563 1482 sui
600 1417 932 1504 temporis
964 1417 1445 1505 contemplans
1462 1472 1479 1504 ,
1514 1439 1596 1486 eo
1626 1419 1771 1486 irae
1805 1425 2010 1506 atque
2041 1417 2358 1484 tristitiae
2391 1414 2727 1483 adductus

454 1524 574 1604 est,
623 1525 700 1589 ut
750 1521 915 1589 deos
952 1523 1265 1591 crudeles
1312 1529 1381 1591 et
1425 1524 1718 1592 iniustos
1767 1543 1916 1591 esse
1965 1522 2473 1590 asseveraverit.
2540 1518 2726 1598 Quin

454 1641 536 1688 ea
602 1624 704 1691 ira
772 1627 923 1712 ipsa
995 1627 1297 1714 quodam
1368 1628 1611 1713 mod0‚
1684 1646 2110 1715 quamquam
2177 1625 2463 1692 fortasse
2524 1640 2725 1710 para-

453 1726 711 1794 doxum
761 1729 1122 1816 videbitur,
1172 1732 1502 1819 pietatem
1549 1733 1817 1800 Lucani
1864 1731 2309 1798 demonstrat.
2374 1726 2478 1794 Ex
2510 1746 2591 1793 ea
2622 1725 2727 1792 ira

453 1830 645 1898 enim
691 1833 856 1901 satis
906 1841 1225 1923 apparet,
1277 1857 1439 1905 eum
1487 1836 1651 1904 deos
1698 1837 1914 1904 iustos
1960 1841 2027 1902 et
2061 1834 2436 1901 clementes
2467 1829 2725 1897 deside-

450 1953 625 2001 rare.
689 1934 910 2005 Nemo
965 1941 1325 2008 saevitiam
1371 1942 1564 2029 tigris
1612 1946 1731 2008 aut
1778 1939 1953 2008 alius
1998 1940 2182 2007 ferae
2226 1933 2721 2024 reprehendat,

454 2040 639 2125 quod
700 2042 876 2109 nihil
941 2045 1129 2113 aliud
1188 2046 1264 2113 in
1328 2047 1488 2134 tigri
1551 2050 2007 2134 exspectatur.
2099 2041 2191 2110 At
2237 2042 2532 2130 quisque
2576 2038 2723 2127 regi

450 2142 805 2233 irascetur,
876 2154 1211 2237 potestate
1280 2152 1407 2218 sua
1477 2151 1562 2216 ad
1635 2149 1815 2217 bene
1875 2148 2260 2237 regendum
2320 2145 2481 2213 data
2541 2144 2724 2210 male

453 2248 800 2337 abutenti,
850 2254 1038 2341 quod
1082 2255 1233 2323 iure
1281 2254 1588 2342 probitas
1634 2254 2033 2341 iustitiaque
2083 2252 2170 2320 ab
2202 2272 2282 2319 eo
2314 2248 2724 2339 postulatur.

542 2353 657 2420 Sic
724 2357 936 2423 etiam
1004 2365 1211 2446 poeta
1278 2359 1426 2426 deis
1495 2379 1639 2426 non
1697 2356 2279 2445 exprobravisset,
2345 2353 2531 2441 quod
2577 2371 2722 2419 non

447 2457 917 2529 interveniant
987 2463 1359 2552 probisque
1428 2462 1685 2531 auxilio
1757 2463 1927 2536 sint,
1994 2461 2055 2527 si
2116 2462 2423 2547 putasset
2471 2476 2588 2524 eos
2635 2476 2721 2523 ex

446 2562 758 2649 ipsorum
803 2572 1054 2634 natura
1099 2587 1339 2635 saevos
1386 2572 1453 2635 et
1500 2567 1813 2636 crudeles
1860 2584 2030 2633 esse.
2094 2563 2197 2631 Ex
2243 2568 2385 2629 toto
2411 2562 2720 2629 carmine

448 2672 681 2734 autem
742 2668 1163 2739 desiderium
1226 2671 1579 2759 quoddam
1640 2689 2036 2759 repressum
2083 2671 2361 2735 resonat
2406 2666 2720 2734 numinis

442 2769 607 2838 iusti
653 2778 721 2839 et
765 2773 1108 2842 benevoli.

529 2874 656 2943 Dei
702 2876 1095 2946 Pharsaliae
1142 2880 1322 2966 iam,
1370 2887 1622 2950 suntne
1663 2881 1775 2948 dei
1806 2880 2142 2969 vulgareS,
2178 2875 2499 2966 qualibus
2530 2874 2711 2942 mul·
2738 2915 2779 2955 Si
2782 2918 2881 2956 tn,
2908 2916 2973 2956 ἃ..
2999 2916 3123 2958 mm.

440 2980 661 3047 titudo
726 2982 1005 3050 credere
1066 2984 1383 3059 solebat‘?
1475 2984 1589 3054 An
1636 2987 1752 3054 dei
1796 3006 1834 3053 e
1887 2982 2323 3074 philosophia
2368 2967 2795 3068 Epicurea'⁸¹
2734 2979 2861 3071 3„ssss
2919 2968 2984 3009 ‘¹⁰¹
3037 2971 3123 3011 '‘¹²¹

443 3089 562 3152 aut
621 3083 886 3171 Stoica,
952 3094 1245 3177 utraque
1292 3110 1373 3156 eo
1419 3096 1732 3179 tempore
1778 3091 2043 3157 Romae
2090 3087 2413 3170 florente,
2461 3082 2712 3171 petiti‘I

534 3185 637 3253 Ex
696 3188 867 3257 locis
926 3212 1139 3280 supra
1203 3194 1423 3261 allatis
1487 3194 1788 3262 vidimus
1848 3198 2127 3282 poetam
2190 3199 2507 3258 nostrum
2562 3206 2713 3254 sae-

442 3290 727 3377 pissime
785 3294 870 3361 de
917 3295 1098 3383 deiS,
1149 3297 1233 3364 de
1281 3298 1690 3367 numinibus
1739 3317 1973 3386 agere,
2023 3294 2369 3384 permulta
2409 3293 2491 3360 iis
2525 3291 2718 3358 attri-

443 3395 658 3464 buere
678 3448 696 3482 ,
783 3417 990 3487 saepe
1074 3421 1192 3468 eos
1260 3403 1581 3469 invocare
1599 3423 1616 3487 ;
1689 3406 1759 3468 at
1825 3420 2190 3489 nunquam
2260 3398 2372 3466 dei
2438 3395 2573 3483 ipsi
2640 3395 2714 3461 in

444 3519 770 3569 scaenam
813 3503 1192 3590 prodeunt,
1235 3525 1600 3594 nunquam
1631 3505 1816 3574 ullus
1849 3506 2019 3574 deus
2052 3504 2454 3593 Olympicus
2486 3498 2713 3567 nomi-

442 3605 664 3672 natim
713 3607 959 3676 allatus
1004 3608 1215 3676 rebus
1263 3609 1587 3678 humanis
1633 3610 2024 3678 intervenit.
2085 3609 2179 3677 At
2208 3608 2492 3675 fortasse
2524 3607 2713 3693 quis-

439 3708 628 3795 piam
720 3709 932 3796 dicet,
1017 3711 1408 3800 complures
1485 3713 2007 3802 Olympicorum
2087 3712 2270 3800 apu‘d
2347 3711 2711 3779 Lucanum

439 3815 1003 3891 commemorari,
1065 3815 1442 3903 Venerem,
1491 3816 1896 3902 Plutonem,
1945 3817 2341 3901 Phoebum,
2391 3814 2706 3900 Pallada,

438 3914 745 3984 Hecaten
765 3971 783 4004 ,
847 3916 1310 4008 Erinyasque;
1375 3923 1546 4009 quin
1609 3922 1822 3990 etiam
1876 3920 2178 3989 Patriam
2225 3925 2301 3988 ut
2349 3919 2552 3987 deam
2598 3919 2707 3985 in-

437 4018 668 4088 ducit!
718 4019 855 4089 Sed
902 4021 1086 4090 locos
1117 4024 1305 4111 ipsos
1334 4025 1808 4114 inspiciamus,
1843 4029 1908 4092 et
1941 4025 2300 4092 videamus
2331 4042 2469 4111 quo
2502 4021 2708 4089 modo

523 4331 580 4407 1)
621 4331 656 4385 2
699 4327 898 4389 Thess,
945 4332 1098 4389 129.
1302 4335 1364 4405 2)
1403 4330 1587 4391 Math.
1630 4334 1868 4390 25:46.
2072 4330 2132 4400 3)
2173 4327 2355 4387 Maro.
2401 4330 2594 4385 3:29.
