3434 5159
1756 308 1852 380 38

743 530 930 612 Alibi
962 531 1266 620 quaerit:
1300 550 1526 621 „quae
1556 546 1768 608 causa
1800 534 1903 597 est
1936 528 2043 598 dis
2074 529 2607 604 benefaciendi?
2656 530 2939 602 Natura.

654 635 897 724 Errat,
943 636 1003 704 si
1048 635 1204 725 quis
1249 634 1404 705 illos
1449 640 1646 725 putet
1690 653 1944 718 nocere
1990 634 2193 708 nolle.
2287 633 2445 705 Non
2491 638 2846 725 possunt.’'
2880 636 2937 726 1)

743 741 827 810 Et
875 741 953 812 in
1000 741 1408 812 universum
1453 740 1626 810 deus
1643 793 1662 827 ‚
1711 758 1923 829 quem
1971 737 2239 812 Seneca
2283 740 2647 828 informat,
2697 762 2941 812 omnes

653 847 971 918 homines
1019 846 1313 937 diligens
1359 845 1824 934 omnibusque
1869 844 2109 914 favens
2124 896 2143 931 ,
2175 844 2384 934 plane
2423 846 2743 916 convenit
2775 866 2942 918 cum

653 950 1087 1022 nobilissima
1147 956 1217 1020 et
1278 950 1549 1024 excelsa
1593 950 1900 1040 imagine
1946 949 2107 1036 Dei,
2158 969 2370 1038 quam
2417 950 2658 1039 religio
2707 949 2941 1019 Chris-

652 1057 843 1126 tiana
890 1055 1365 1142 commendat,
1415 1061 1484 1124 et
1529 1054 1696 1126 satis
1743 1053 2101 1144 probabile
2148 1074 2299 1123 esse
2329 1054 2604 1123 videtur
2624 1105 2642 1136 ‚
2677 1054 2946 1126 Stoicos

652 1162 790 1230 illis
857 1161 1259 1233 notionibus
1327 1159 1616 1238 excelsis
1633 1213 1653 1246 ,
1716 1158 2152 1249 philosophia
2215 1160 2366 1250 ipsa
2426 1179 2468 1228 a
2530 1159 2734 1250 vulgo
2798 1179 2942 1250 non

655 1266 1157 1355 comprehensa
1173 1318 1192 1352 ‚
1240 1265 1545 1342 multum
1589 1264 1676 1333 ad
1722 1264 2135 1354 religionem
2180 1263 2651 1336 Christianam
2689 1284 2941 1357 propa-

655 1370 957 1461 gandam
1018 1371 1335 1441 valuisse.
1430 1369 1567 1439 Sed
1629 1388 1776 1438 non
1835 1369 1952 1438 hic
2014 1375 2118 1438 est
2179 1367 2403 1455 locus,
2456 1369 2640 1438 hanc
2688 1389 2936 1459 quaes-

656 1476 920 1544 tionem
968 1475 1356 1545 enucleare.

749 1579 933 1662 Quid
983 1580 1245 1670 igitur‘l
1315 1579 1644 1650 Lucanus
1706 1580 1783 1648 in
1843 1579 2009 1647 deos
2055 1578 2298 1649 furens
2342 1600 2517 1650 num
2564 1579 2772 1669 plane
2817 1580 2941 1650 ab·

659 1685 893 1754 horret
939 1705 981 1756 a
1025 1684 1338 1755 doctrina
1383 1683 1617 1756 Stoica
1631 1684 1668 1752 ‘l
1738 1683 2068 1773 Aliquam
2116 1682 2596 1762 difficultatem
2627 1684 2801 1758 haec
2829 1704 2940 1756 res

659 1789 940 1880 quidem
1004 1809 1283 1861 movere
1328 1794 1586 1879 potest:
1635 1808 1913 1879 semper
1960 1793 2195 1858 autem
2241 1788 2754 1858 recordandum
2801 1796 2904 1864 est
2919 1845 2936 1877 ‚

662 1914 791 1963 nos
837 1895 1129 1964 minime
1175 1894 1632 1966 affirmavisse
1648 1946 1667 1981 ,
1708 1898 2028 1964 nostrum
2058 1913 2207 1965 esse
2238 1893 2730 1984 philosophum
2762 1894 2940 1964 Stoi-

663 2007 859 2086 cum‘,
909 2000 1029 2070 sed
1074 2004 1351 2091 poetam
1400 1999 1715 2069 doctrina
1759 1999 2056 2068 Zenonis
2101 2000 2419 2070 tinctum.
2492 1999 2576 2067 In
2615 2000 2942 2069 omnibus

666 2104 1118 2194 religionibus
1190 2110 1422 2180 autem
1441 2156 1459 2191 ‚
1529 2105 1877 2194 imprimis
1923 2104 2001 2173 in
2045 2103 2382 2194 religione
2426 2104 2905 2176 Romanorum
2926 2158 2943 2190 ‚

661 2210 874 2278 timor
919 2209 1204 2299 quidam
1252 2210 1543 2282 deorum
1589 2210 1791 2299 quasi
1835 2211 2112 2294 inustus
2156 2208 2450 2284 videtur.
2544 2209 2715 2280 Inde
2762 2215 2945 2292 tant-

664 2336 872 2405 opere
935 2335 976 2384 a
1036 2316 1238 2386 malis
1292 2316 1645 2385 ominibus
1693 2321 1972 2401 cavent,
2020 2314 2221 2401 inde,
2270 2314 2435 2383 deos
2483 2314 2943 2405 appellanteS,

666 2421 953 2490 diversis
1018 2422 1421 2491 nominibus
1481 2422 1846 2507 invocant,
1902 2440 1993 2488 ne
2040 2419 2332 2500 fortasse
2375 2421 2587 2489 deum
2633 2419 2947 2490 laedant!

756 2525 1000 2616 Neque
1045 2527 1388 2597 Homerus
1434 2527 1570 2600 sibi
1599 2527 1766 2598 deos
1795 2526 2115 2596 homines
2147 2524 2511 2615 diligentes
2542 2524 2953 2594 informasse

670 2632 970 2719 videtur,
1021 2652 1368 2721 nusquam
1419 2651 1800 2702 amorem
1847 2630 1959 2702 dei
2004 2630 2080 2698 in
2118 2630 2534 2699 homines
2567 2628 2795 2716 affert,
2831 2630 2952 2699 sed

670 2737 863 2808 nulla
906 2738 1174 2805 ratione
1205 2737 1470 2827 ingenii
1502 2742 1621 2806 aut
1653 2755 1931 2806 morum
1964 2735 2199 2805 habita
2216 2789 2233 2823 ,
2273 2733 2594 2804 nonnulli
2625 2734 2954 2803 mortales

672 2841 957 2910 deliciae
1002 2841 1293 2913 deorum
1339 2841 1804 2931 quorumdam
1850 2845 2036 2912 sunt.
2121 2840 2459 2909 Homines
2506 2844 2742 2909 autem
2788 2839 2955 2908 deos

673 2950 1029 3032 metuunt,
1106 2950 1174 3014 et
1249 2947 1526 3036 saepius
1595 2946 2075 3022 conviciantur
2094 2998 2111 3032 ,
2182 2944 2376 3014 nulla
2442 2945 2955 3033 vituperatione

673 3052 823 3120 eius
867 3050 1242 3140 impietatis
1288 3070 1329 3119 a
1374 3055 1578 3140 poeta
1622 3050 1877 3120 addita.
1969 3049 2319 3118 Menelaos
2336 3102 2354 3137 ‚
2404 3069 2463 3117 e.
2496 3070 2559 3139 g.
2612 3049 2953 3118 exclamat

942 3162 1102 3231 ,,Ζεῢ
1148 3156 1337 3236 πάτερ
1357 3208 1373 3232 ,
1421 3156 1488 3221 οὔ
1530 3181 1618 3228 τις
1664 3164 1783 3221 σεῖο
1828 3158 1961 3220 θεῶν
2006 3155 2300 3235 ὀλοώτερος
2346 3154 2595 3226 &Mors
2625 3153 2685 3243 2)

671 3253 880 3329 Asius
927 3265 1162 3330 autem
1208 3261 1421 3331 eheu!
1471 3261 1711 3331 Jovem
1758 3259 2170 3332 mendacem
2219 3279 2368 3328 esse
2412 3260 2721 3330 incusat:

890 3372 1004 3431 Ζεῦ
1052 3366 1239 3449 πάτερ
1259 3419 1276 3443 ,
1328 3364 1364 3443 ἦ
1405 3367 1480 3447 pot
1526 3393 1589 3432 νυ
1634 3367 1735 3434 xxi
1787 3366 1860 3431 σὺ
1904 3364 2264 3448 Φιλοψευδής
2313 3361 2608 3439 ἕτέτυξο.”
2638 3361 2698 3451 3)

761 3468 1119 3542 Philoitios
1181 3472 1258 3539 in
1318 3472 1728 3554 universum
1790 3470 1955 3539 deos
2020 3468 2335 3540 crudeles
2398 3487 2549 3537 esse
2605 3467 2807 3553 dicit,
2857 3466 2958 3534 sic

675 3575 748 3643 in
798 3573 1105 3663 Odyssea
1151 3577 1527 3646 Eumaium
1576 3576 1949 3647 allocutus:

1036 3683 1204 3745 ἀλλὰ
1252 3683 1362 3747 θεοὶ
1410 3681 1608 3748 δυόωσι
1655 3681 2157 3759 πολυπλάγκτους
2206 3680 2527 3762 ἀνθρώπους

1035 3786 1259 3851 ὁππότε
1304 3786 1403 3851 καὶ
1449 3787 1797 3865 βασιλεῦσιν
1845 3786 2274 3852 ἐπικλώσωνται
2321 3784 2529 3865 ὄιζύν.”

678 3895 747 3957 et
790 3894 1030 3978 postea
1076 3889 1164 3959 ad
1222 3890 1532 3979 Ulyssem
1582 3910 1990 3973 conversus:

762 4225 820 4297 1)
863 4220 1113 4282 Seneca:
1153 4222 1343 4296 Epist.
1388 4226 1620 4283 95249.
1865 4223 1928 4301 2)
1968 4222 2105 4283 Ilias
2147 4227 2382 4283 3:365.

762 4322 823 4399 3)
864 4316 1001 4378 nias
1041 4321 1114 4378 12
1138 4334 1154 4379 ε
1179 4321 1312 4380 164.
