3434 5159
1506 370 1627 443 114

443 602 605 672 trita
666 600 1114 671 adhibentur:
1179 596 1298 668 sed
1346 597 1511 667 satis
1556 595 1913 688 probabile
1960 601 2067 666 est
2108 598 2183 667 in
2228 597 2361 668 hoc
2407 616 2704 669 excursu

445 710 915 780 narrationem
979 705 1253 776 Aeneae
1270 759 1288 794 ,
1343 709 1609 794 patrem
1656 705 1732 773 in
1779 703 2015 773 inferis
2061 705 2379 774 adeuntis
2397 756 2414 791 ,
2463 712 2705 796 poetae

447 823 608 885 ante
654 814 888 885 oculos
934 814 1369 883 obversatam
1401 831 1551 880 esse
1567 865 1584 897 ,
1620 830 1832 899 quam
1865 810 2095 900 aliquo
2129 812 2332 880 modo
2364 812 2703 897 imitatur,

447 923 737 992 minime
790 926 1024 991 autem
1069 920 1218 989 eius
1264 919 1482 1010 ipsius
1521 918 1939 986 sententiam
1969 917 2281 986 hocloco
2314 938 2706 1008 expressam

449 1050 618 1098 esse.
655 1027 710 1117 ¹)
804 1026 984 1095 Nam
1044 1045 1187 1094 non
1248 1024 1456 1093 modo
1520 1029 1664 1093 tota
1717 1024 2019 1092 narratio
2068 1024 2469 1111 artificiosa,
2516 1026 2709 1094 tenui

450 1134 566 1204 filo
612 1153 908 1219 annexa,
957 1131 1189 1222 friget,
1238 1130 1359 1199 sed
1389 1131 1554 1199 satis
1587 1130 1823 1199 multis
1854 1130 2019 1198 locis
2053 1131 2450 1219 opinionem
2484 1132 2708 1221 philo-

451 1241 838 1332 sophicam,
900 1239 1102 1328 longe
1150 1236 1585 1306 recedentem
1634 1236 1722 1305 ab
1769 1237 1905 1305 illis
1950 1237 2386 1328 vulgaribuS‚
2434 1239 2708 1328 promit

540 1347 707 1415 Fide
769 1346 958 1413 enim
1027 1343 1266 1412 inferis
1329 1349 1396 1412 et
1455 1343 1782 1412 omnibus
1844 1343 1979 1411 illis
2040 1344 2216 1413 tritis
2282 1344 2708 1430 abiudicata,
2740 1370 2791 1411 s
2793 1372 2863 1411 net
2864 1370 2949 1410 nita
2924 1371 3119 1464 αοροοι.

452 1451 936 1543 philosophum
1003 1451 1144 1540 agit
1205 1455 1272 1518 et
1330 1449 1439 1518 bis
1497 1449 1668 1518 illud
1723 1449 1973 1540 dogma
2018 1447 2093 1516 S
2073 1452 2406 1520 oicorum
2455 1451 2710 1520 confla·
2692 1400 2790 1465 ’ea
2818 1424 2898 1464 ⁵¹¹

454 1560 781 1648 grationis
843 1556 1090 1649 mundi
1147 1556 1455 1625 universi
1518 1562 2049 1644 commemorat,
2126 1556 2231 1626 bis
2287 1557 2513 1627 verbis
2575 1558 2715 1626 fine

454 1665 872 1756 reipublicae
922 1683 1083 1732 cum
1128 1661 1269 1731 fine
1313 1664 1523 1731 totius
1570 1662 1813 1731 mundi
1863 1669 2291 1753 comparato:

1283 1822 1297 1837 .
1343 1767 1545 1856 ,‚Sic,
1596 1789 1756 1837 cum
1806 1789 2136 1859 compage
2181 1770 2407 1839 soluta

639 1877 914 1947 saecula
959 1858 1061 1945 tot
1104 1875 1352 1945 mundi
1397 1895 1726 1964 suprema
1773 1876 2070 1965 coegerit
2116 1876 2317 1961 hora,

635 1984 999 2072 antiquum
1046 1987 1361 2071 repetent
1405 1983 1658 2050 iterum
1707 1981 1914 2050 chaos
1961 1983 2234 2068 omnia3
2282 1984 2516 2052 mixtis

635 2089 860 2158 sidera
906 2088 1247 2158 sideribus
1296 2094 1740 2173 concurrent3
1789 2088 1991 2178 ignea
2035 2056 2326 2178 pontum

636 2200 818 2264 astra
862 2200 1131 2285 petent:
1181 2193 1385 2262 tellus
1431 2193 1799 2262 extendere
1845 2195 2044 2263 litora
2089 2195 2277 2264 nolet

645 2304 1078 2391 excutietque
1126 2301 1377 2371 fretum
1431 2351 1710 2371 .....
1758 2307 2037 2391 totaque
2085 2303 2343 2371 discors

642 2408 967 2477 machina
1012 2408 1256 2476 divolsi
1304 2408 1608 2477 turbabit
1653 2408 1926 2476 foedera
1975 2409 2283 2477 mundi.''
2318 2407 2375 2497 2)

549 2515 734 2584 Alibi
798 2515 1238 2584 acerbissime
1302 2513 1578 2583 Caesari
1639 2514 1882 2600 obicit,
1947 2514 2130 2604 quod
2193 2521 2347 2604 post
2410 2537 2715 2605 pugnam

460 2621 925 2690 Pharsalicam
1003 2620 1445 2712 Pompeianis
1522 2621 1762 2689 occisis
1838 2621 2280 2709 sepulchrum
2352 2623 2718 2692 honestum

460 2728 937 2819 denegaverit,
984 2747 1163 2817 quae
1207 2747 1320 2796 res
1366 2732 1599 2797 autem
1647 2746 1688 2794 a
1726 2727 2010 2795 veritate
2044 2727 2368 2797 historica
2397 2730 2719 2799 recedere

459 2835 750 2903 videtur.
829 2833 954 2903 His
999 2834 1227 2903 verbis
1273 2832 1650 2903 admodum
1698 2833 2018 2902 notandis
2066 2835 2436 2925 alloquitur
2481 2837 2717 2905 inimi-

463 2962 622 3010 cum
667 2945 905 3030 poeta:

638 3044 797 3133 „Nil
844 3046 989 3133 agis
1033 3045 1164 3114 hac
1209 3046 1345 3114 ira:
1394 3045 1681 3114 tabesne
1729 3045 2060 3114 cadavera
2106 3046 2323 3115 solvat

639 3172 729 3220 an
775 3171 983 3243 rogus
1001 3204 1020 3238 ,
1069 3151 1253 3241 haud
1297 3151 1535 3221 refert:
1586 3151 1854 3242 placido
1902 3158 2149 3221 natura
2195 3159 2496 3243 receptat

643 3263 892 3327 cuncta
937 3259 1098 3328 sinu
1145 3257 1496 3347 finemque
1540 3258 1649 3326 sui
1694 3258 1828 3326 sibi
1875 3279 2158 3348 corpora
2206 3260 2479 3329 debent.

644 3364 801 3448 boS,
852 3363 1136 3451 Caesar,
1188 3365 1480 3455 populos
1526 3365 1585 3433 si
1631 3384 1820 3434 nunc
1867 3385 2014 3432 non.
2055 3368 2303 3434 usserit
2349 3368 2562 3456 ignis,

641 3475 796 3539 uret
841 3491 1002 3540 cum
1049 3472 1250 3539 terris
1269 3525 1286 3557 ,
1335 3476 1491 3540 uret
1538 3491 1697 3549 cum
1745 3471 2010 3560 gurgite
2056 3473 2270 3560 ponti.

639 3578 1029 3646 communis
1074 3578 1337 3647 mundo
1384 3581 1697 3667 superest
1740 3596 1952 3666 rogus
1997 3577 2266 3648 ossibus
2313 3584 2493 3648 astra

644 3682 985 3753 mixturus
1077 3735 1647 3753 ......
1745 3684 1927 3773 capit
1972 3684 2207 3753 omnia
2250 3685 2453 3754 tellus
2472 3738 2489 3772 ,

644 3807 822 3875 quae
867 3790 1169 3880 genuit.”
1202 3791 1261 3880 3)

514 3928 517 3933 »
561 3890 683 3961 His
750 3894 919 3964 locis
989 3901 1207 3981 certe,
1270 3895 1393 3965 ubi
1453 3900 1654 3985 poeta
1715 3896 1863 3985 ipse
1926 3896 2266 3987 loquitur,
2330 3897 2719 3967 animarum

471 4016 612 4066 non
677 4002 1101 4071 mentionem
1164 4001 1361 4089 facit,
1424 4002 1544 4070 sed
1610 4021 1772 4070 cum
1833 4021 1871 4069 e
1933 4004 2274 4070 sententia
2337 4002 2720 4073 Stoicorum

554 4241 615 4316 1)
657 4238 743 4300 Cf.
785 4258 881 4316 pg.
922 4244 1138 4300 41—2.

552 4337 613 4411 2)
655 4335 852 4397 Phars.
893 4337 955 4395 1:
982 4340 1231 4395 72—80.

553 4435 612 4507 3)
654 4432 853 4498 Phara.
893 4432 1406 4508 V112809-815,
1449 4433 1742 4491 818—19.
1824 4428 1911 4489 Cf.
1952 4430 2123 4491 etiam
2153 4430 2447 4497 ‚V112134
2468 4449 2554 4508 sq.
