3434 5159
373 3378 600 3423 conclusio.

1861 361 1990 434 118

881 586 1066 671 Quin
1113 587 1281 659 Cato
1326 590 1635 658 oratione
1673 586 1949 659 funebri
1980 608 2105 679 pro
2137 588 2469 679 Pompeio
2500 589 2765 673 habita,
2798 587 3053 657 dise'rte

789 682 1117 780 affirmat,
1169 700 1462 765 mortem
1507 714 1657 764 esse
1690 695 2110 816 petendam,
2161 695 2269 764 his
2320 695 2546 764 verbis
2592 715 2794 766 usus:

921 802 1142 888 „scire
1189 802 1366 870 mori
1410 820 1558 870 sors
1601 801 1828 891 prima
1873 801 2073 888 viris,
2121 800 2243 869 sed
2289 802 2608 891 proxima
2654 801 2847 892 cogi.
2850 798 2958 891 ⁹1)

876 904 1189 978 Vulteius
1258 912 1491 978 autem
1507 960 1525 994 ,
1596 907 1740 977 dux
1803 908 2002 977 navis
2071 906 2158 977 ab
2226 906 2541 977 hostibus
2586 906 3047 997 interceptae,

785 998 1041 1083 milites
1100 1033 1262 1083 suos
1308 1012 1709 1082 adhortatur
1752 1018 1830 1083 ut
1876 1032 1950 1083 se
1994 1004 2130 1103 ipsi
2174 1001 2598 1082 interficiant
2613 1065 2630 1097 ,
2679 1012 2856 1082 mire
2901 1012 3052 1082 deis

789 1119 1242 1203 conviciatus,
1306 1106 1488 1208 qui,
1494 1119 1834 1202 ,homines
1882 1118 2110 1189 celant
2152 1112 2315 1187 felix
2362 1138 2512 1188 esse
2558 1119 2735 1187 mori
2756 1119 2820 1204 ,'’
2852 1118 2912 1208 2)
2959 1128 3053 1187 ne

787 1244 1030 1295 omnes
1096 1224 1357 1294 scilicet
1420 1216 1644 1293 morte
1713 1224 1849 1294 sibi
1916 1223 2132 1294 finem
2202 1244 2695 1295 aerumnarum
2763 1223 3050 1314 parent!

785 1326 1029 1421 Neque
1072 1324 1325 1401 frustra
1367 1329 1510 1400 dux
1553 1329 1892 1400 militibus
1937 1335 2236 1399 mortem
2273 1326 2734 1401 voluntariam
2765 1328 3047 1420 probat,

785 1446 951 1507 nam
1012 1454 1288 1507 summo
1353 1436 1604 1528 gaudio
1665 1456 1741 1505 se
1800 1437 2007 1505 morti
2068 1436 2653 1527 appropinquanti
2717 1420 3050 1523 offerunt,

785 1548 1060 1632 quam,
1067 1544 1347 1627 ‚sentire
1392 1542 1649 1612 iuvatss'

879 1645 1157 1719 Utinam
1205 1654 1407 1738 poeta
1451 1648 1635 1739 ipse,
1696 1666 1824 1717 sua
1869 1648 2087 1737 ipsius
2132 1654 2355 1716 morte
2398 1646 2584 1717 hanc
2629 1646 3048 1716 sententiam

781 1744 1174 1844 probasset!
1236 1753 1374 1823 Sed
1421 1752 1919 1823 coniurationis
1964 1753 2380 1823 Pisonianae
2428 1758 2822 1841 accusatum,
2870 1750 3046 1822 teste

783 1858 1145 1946 SuetoniO,
1236 1859 1369 1948 ‚,ad
1451 1859 1879 1930 humillimas
1954 1878 2200 1950 preces·
2272 1852 2669 1947 devolutus,
2746 1858 3047 1927 matrem

783 1982 1059 2056 quoque
1117 1957 1475 2036 innoxiam
1538 1956 1719 2035 inter
1780 1966 2004 2036 socios
2063 1958 2450 2035 nominarit
2472 1967 2534 2050 ,''
2607 1970 2688 2035 ut
2747 1961 3048 2034 Neronis

780 2072 1059 2140 veniam
1133 2076 1499 2162 expeteret.
1611 2069 1998 2142 Caveamus
2074 2064 2310 2142 autem
2327 2125 2345 2159 ,
2424 2090 2514 2140 ne
2582 2072 2891 2141 severius
2961 2069 3047 2138 de

779 2174 1064 2271 Lucano
1122 2177 1545 2264 iudicemuS,
1609 2198 1777 2247 nam
1839 2179 1997 2268 quis
2048 2172 2371 2247 homines
2416 2176 2716 2266 optimos
2763 2182 2829 2245 et
2877 2194 3045 2245 suae

780 2282 1317 2352 immortalitatis
1397 2283 1984 2373 beatitudinisque
2057 2284 2330 2353 futurae
2406 2278 2823 2352 certissimos
2899 2278 3044 2350 rio‘h

780 2391 1000 2483 novit,
1064 2389 1185 2478 qui
1243 2389 1319 2457 in
1364 2388 1670 2479 periculo
1715 2394 2070 2458 versantes
2116 2395 2236 2460 aut
2284 2389 2526 2459 morbo
2574 2387 2802 2457 affecti
2844 2384 3042 2457 sum·

777 2506 1057 2583 mopere
1104 2495 1316 2563 vitam
1349 2494 1730 2584 producere
1762 2495 2153 2565 studuerint
2171 2497 2207 2564 ‘2
2268 2495 2493 2563 Immo
2524 2490 2674 2585 ipse
2706 2493 3042 2584 „populos

778 2620 951 2689 quos
998 2596 1285 2689 despicit
1330 2600 1638 2686 Arctos’'‚
1685 2599 1924 2671 beatos
1971 2601 2352 2690 praedicat,
2403 2620 2620 2697 „quos
2663 2599 2780 2668 ille
2818 2596 3042 2668 maxi-

777 2726 934 2776 mus
978 2707 1342 2794 timorum,
1389 2705 1511 2775 leti
1556 2712 1816 2794 metuS,
1867 2706 2053 2777 haud
2096 2709 2341 2798 urget!
2348 2707 2449 2797 '3)
2522 2705 2800 2797 Optime
2829 2705 3041 2797 igitur

776 2812 1036 2881 sciebat
1095 2821 1300 2902 poeta
1359 2832 1502 2881 non
1561 2832 1804 2882 omnes
1864 2812 2182 2882 homines
2241 2816 2537 2882 mortem
2582 2810 2678 2881 ita
2725 2817 3037 2881 contem-

773 2937 941 2985 nere
1004 2922 1082 2987 ut
1138 2906 1438 3005 Stoicos,
1489 2939 1718 3008 neque
1765 2919 2092 2988 omnibus
2138 2924 2294 2987 eam
2342 2919 2556 2987 vitam
2605 2920 2833 3005 „inter
2875 2913 3040 2986 stel-

773 3023 909 3111 las,
980 3022 1244 3092 lumine
1311 3023 1713 3114 impletam'’
1784 3013 2163 3095 iucundam
2232 3020 2485 3093 videri!
2558 3023 2785 3092 Etiam
2851 3019 3037 3113 apud

772 3134 1089 3199 nostrum
1164 3134 1440 3219 poetam
1512 3136 1763 3201 natura
1836 3131 1994 3220 plus
2070 3150 2283 3221 quam
2361 3130 2676 3206 doctrina
2740 3124 3039 3199 valuisse

778 3235 1071 3306 videtur.

868 3330 1061 3424 Quae
1124 3343 1268 3411 iam
1329 3349 1433 3413 est
1490 3341 1756 3412 Lucani
1816 3342 2162 3412 sententia
2223 3341 2310 3410 de
2370 3332 2510 3411 fine
2554 3360 2791 3411 rerum
2838 3346 2907 3409 et
2951 3336 3039 3408 'de

774 3452 995 3517 morte
1013 3449 1049 3515 ἰ)
1118 3447 1276 3517 Νοιι
1320 3448 1542 3538 magis
1587 3467 1799 3537 quam
1839 3452 2073 3517 nostra
2106 3435 2325 3536 aetaS‚
2358 3447 2738 3537 quidquam
2771 3451 3037 3515 certum

773 3555 949 3622 scire
982 3558 1100 3622 aut
1129 3574 1255 3643 pro
1287 3560 1471 3623 certo
1497 3551 1841 3624 affirmare
1872 3552 2163 3623 videtur.
2213 3550 2731 3622 Commemorat
2749 3550 3036 3642 'quidem

856 3828 915 3903 1)
957 3825 1158 3886 Phars.
1199 3825 1483 3884 1X2211.

852 3928 911 3998 2)
1032 3964 1069 3995 ‚,
1193 3923 1303 3980 IV:
1329 3926 1463 3981 519.
1505 3918 1577 3981 cf.
1619 3926 1799 3981 totam
1839 3922 2053 3981 Vulteii
2095 3921 2411 3980 orationem
2450 3920 2659 3979 milites
2694 3920 2769 3979 ad
2795 3925 3033 3980 mortem

767 4018 1063 4079 incitantis
1101 4017 1218 4076 IV:
1241 4021 1579 4077 477—520.

852 4120 913 4183 3)
955 4113 1156 4174 Phars.
1198 4114 1263 4172 I·
1285 4117 1401 4174 458
1422 4131 1508 4188 sq.
1575 4113 1949 4173 Doctissimus
1988 4111 2292 4172 Nisardius
2333 4112 2415 4185 (ΙΙ
2454 4128 2549 4187 pg.
2596 4116 2735 4188 95),
2775 4074 3035 4171 hocloco

768 4188 1030 4285 laudato,
1072 4211 1378 4269 exclamat.
1422 4198 1593 4284 „Ille‚
1634 4210 1732 4283 qui
1754 4209 1864 4268 boc
1890 4209 2230 4309 scripserat,
2261 4208 2501 4267 matrem
2525 4202 2820 4268 'delaturus
2849 4205 3035 4267 erat.”

770 4305 893 4366 Vae
942 4308 1138 4380 generi
1189 4306 1467 4389 humano,
1521 4305 1570 4365 si
1623 4292 1897 4378 sequatur
1949 4310 2015 4363 ut
2053 4296 2247 4364 omnes
2263 4347 2280 4379 ‚
2321 4305 2419 4377 qui
2459 4304 2701 4364 mortem
2740 4298 3032 4374 metuant,

773 4402 941 4462 etiam
983 4418 1116 4463 suas
1153 4385 1363 4461 inatres
1403 4402 1655 4461 criminis
1697 4401 1992 4460 accusent!
