3434 5159
266 3420 375 3463 Quid
389 3420 580 3461 Lucanus
595 3420 646 3461 de

264 3474 454 3514 libertate
503 3473 646 3515 morali

265 3527 453 3568 senserit.

1763 330 1855 400 58

665 555 741 619 ut
801 550 920 619 illa
981 552 1263 640 quidem
1310 551 1459 621 fieri
1503 554 1718 642 possit
1765 553 1959 623 nulla
2003 554 2073 622 vi
2119 554 2548 624 extrinsecus
2596 556 2777 625 excit
2790 561 2902 625 ata
2923 606 2940 634 ,

668 657 982 744 (necesse
1050 662 1154 725 est
1220 658 1409 726 enim
1478 657 1964 728 adsensionem
2035 660 2178 728 viso
2250 660 2742 751 commoveri),
2817 661 2939 731 sed

664 762 1028 831 revertitur
1095 763 1182 831 ad
1245 762 1632 851 cylindrum
1707 770 1775 831 et
1843 764 1930 832 ad
1996 764 2350 834 turbinem
2419 786 2625 835 suum
2642 819 2661 852 ,
2758 777 2941 856 quae·

667 867 947 935 moveri>
986 867 1296 958 incipere
1341 868 1478 936 nisi
1523 869 1725 957 pulsa
1770 888 1914 937 non
1962 875 2270 959 possunt.
2364 870 2443 939 Id
2488 876 2726 940 autem
2773 891 2934 941 cum

668 971 946 1060 accidit,
995 979 1240 1063 suapte
1285 979 1565 1059 natura,
1613 974 1802 1062 quod
1847 980 2192 1064 superest,
2232 979 2300 1043 et
2332 975 2727 1065 cylindrum
2758 975 2941 1044 volvi

668 1080 736 1143 et
781 1079 1043 1147 versari
1088 1078 1442 1148 turbinem
1489 1084 1708 1168 putat.
1802 1079 1941 1164 „Ut
1988 1080 2227 1169 igitur,
2289 1081 2547 1169 inquit,
2618 1081 2741 1169 qui
2785 1099 2945 1177 pro-

666 1185 870 1252 trusit
916 1185 1306 1273 cylindrum
1324 1238 1342 1272 ,
1399 1184 1589 1254 dedit
1636 1185 1701 1252 ei
1747 1185 2172 1275 principium
2218 1186 2545 1254 motionis
2560 1238 2579 1273 ,
2628 1184 2949 1255 volubili-

666 1293 878 1357 tatem
942 1295 1175 1359 autem
1237 1310 1381 1359 non
1439 1290 1665 1377 dedit,
1732 1291 1834 1358 sic
1892 1291 2122 1359 visum
2185 1290 2540 1360 obiectum
2593 1291 2948 1380 imprimet

666 1393 839 1463 illud
901 1394 1186 1483 quidem
1232 1401 1301 1463 et
1347 1396 1548 1484 quasi
1593 1395 1896 1485 signabit
1942 1395 2015 1463 in
2064 1396 2300 1464 animo
2347 1414 2549 1465 suam
2595 1396 2935 1485 speciem,

667 1500 786 1566 sed
848 1499 1168 1569 adsensio
1229 1506 1468 1569 nostra
1530 1501 1662 1569 erit
1728 1501 1803 1568 in
1864 1505 2235 1590 potestate,
2298 1521 2553 1589 eaque,
2602 1520 2814 1590 quem
2861 1500 2948 1594 ad

669 1604 954 1674 modum
1000 1606 1077 1674 in
1125 1606 1436 1694 cylindro
1485 1606 1751 1675 dictum
1800 1606 1940 1693 est,
1992 1607 2423 1676 extrinsecus
2471 1605 2673 1695 pulsa
2689 1657 2707 1692 ,
2761 1595 2949 1694 quod

666 1709 1014 1798 reliquum
1088 1717 1237 1798 est,
1298 1718 1542 1802 suapte
1612 1712 1681 1779 vi
1751 1716 1819 1779 et
1878 1716 2130 1781 natura
2176 1710 2587 1780 movebitur.
2682 1710 2945 1792 Quodsi

668 1814 900 1903 aliqua
943 1834 1055 1884 res
1102 1815 1489 1887 efficeretur
1535 1818 1686 1885 sine
1719 1835 1929 1886 causa
1960 1817 2446 1903 antecedente,
2479 1814 2733 1884 falsum
2767 1820 2947 1883 esset

669 1921 914 1988 omnia·
950 1921 1087 1990 fato
1134 1921 1320 2009 fieri3
1384 1925 1494 1991 sin
1541 1921 1907 2008 omnibuS‚
1973 1940 2457 2011 quaecumque
2506 1919 2717 2007 fiunt,
2765 1921 2945 1988 veri-

668 2025 894 2094 simile
956 2032 1059 2095 est
1121 2047 1402 2097 causam
1460 2027 1868 2097 antecedere
1884 2080 1903 2113 ‚
1954 2026 2122 2116 quid
2170 2026 2437 2095 adferre
2484 2026 2767 2115 poterit,
2823 2046 2948 2094 cur

669 2150 813 2198 non
874 2132 1111 2200 omnia
1170 2132 1311 2201 fato
1374 2131 1524 2201 fieri
1585 2131 1947 2201 fatendum
2008 2132 2149 2200 sit‘?
2211 2131 2419 2201 modo
2465 2130 2906 2220 intellegatur
2924 2182 2942 2216 ,

670 2256 849 2324 quae
895 2237 981 2305 sit
1030 2257 1398 2308 causarum
1445 2239 1796 2306 distinctio
1844 2258 1925 2306 ac
1972 2237 2504 2306 dissimilitudo''
2533 2235 2620 2325 1).

757 2340 974 2411 Paulo
1021 2347 1181 2411 ante
1230 2349 1462 2413 autem
1511 2343 1755 2412 Cicero
1800 2343 1887 2410 de
1935 2342 2318 2432 Chrysippo
2366 2341 2564 2410 dicit:
2635 2339 2946 2427 „delabi-

669 2450 784 2514 tur
848 2448 926 2516 in
996 2469 1113 2518 eas
1174 2448 1610 2519 difficultates
1627 2501 1644 2535 ,
1708 2454 1785 2518 ut
1848 2449 2333 2517 necessitatem
2393 2446 2515 2514 fati
2580 2443 2945 2514 confirmet

670 2551 996 2622 invituS.’'
1030 2553 1088 2643 2)

760 2656 847 2724 Et
907 2659 1252 2748 imprimis
1298 2682 1336 2728 e
1382 2660 1649 2729 Seneca
1694 2659 1860 2726 satis
1906 2658 2110 2727 multi
2156 2657 2291 2725 loci
2337 2656 2567 2724 afferri
2611 2658 2946 2745 possunt,

673 2780 710 2828 e
757 2762 1011 2850 quibus
1058 2764 1358 2834 diluceat
1387 2764 1587 2835 illum
1620 2763 2113 2854 philosophum
2145 2762 2398 2831 diserte
2434 2760 2733 2830 liberum
2766 2758 2950 2827 arbi·

669 2867 884 2936 trium
953 2868 1223 2942 homini
1289 2870 1697 2940 vindicasse.
1748 2869 1806 2958 3)
1901 2867 2039 2937 Sed
2108 2867 2329 2935 nostri
2401 2864 2738 2956 propositi
2805 2883 2951 2931 non

672 2977 808 3058 est,
859 2974 1276 3043 sententiam
1325 2975 1459 3044 bac
1503 2976 1588 3043 de
1632 2995 1710 3042 re
1758 2973 2148 3042 Stoicorum
2197 2990 2583 3061 exponere:
2633 2969 2798 3038 satis
2831 2968 2949 3053 sit,

672 3077 731 3143 si
792 3075 1344 3149 demonstratum
1408 3082 1571 3168 erit,
1634 3080 1901 3148 Stoicos
1948 3080 2137 3167 ipsos
2182 3076 2608 3145 intellexisse
2629 3129 2648 3162 ,
2696 3073 2951 3142 doctri-

672 3201 838 3249 nam
885 3204 1084 3253 suam
1132 3184 1218 3253 de
1264 3185 1400 3254 fato
1448 3185 1654 3275 plane
1693 3204 2086 3275 repugnare
2119 3204 2281 3252 cum
2312 3182 2633 3250 libertate
2666 3177 2945 3260 morali,

670 3286 1059 3377 frustraque
1121 3297 1402 3360 conatos
1465 3312 1614 3360 esse
1671 3311 1787 3359 eas
1835 3291 2154 3358 notiones
2199 3288 2385 3357 inter
2429 3306 2504 3354 se
2553 3283 2948 3355 conciliare.

761 3391 968 3462 Nunc
1029 3402 1262 3465 autem
1324 3417 1780 3485 quaeramuS,
1846 3394 2014 3486 quid
2061 3397 2264 3484 poeta
2311 3397 2546 3461 noster
2590 3391 2677 3458 de
2728 3389 2949 3458 libero

674 3497 957 3566 arbitrio
1005 3502 1302 3570 sensisse
1349 3503 1682 3572 videatur.

764 3600 986 3670 Nemo
1032 3605 1335 3693 profecto
1351 3659 1368 3692 ,
1420 3607 1540 3696 qui
1571 3606 2001 3675 Pharsaliam
2032 3603 2427 3695 perlegerit,
2462 3621 2585 3691 per
2618 3597 2950 3687 temporis

673 3712 1014 3795 punctum
1083 3707 1427 3779 dubitabit
1450 3764 1467 3798 ,
1547 3713 1719 3800 quin
1788 3717 1992 3801 poeta
2015 3763 2032 3797 ,
2104 3725 2587 3798 quaecumque
2656 3704 2743 3772 de
2811 3703 2949 3770 fato

677 3818 1054 3901 asseverat,
1125 3817 1606 3885 necessitatem
1679 3818 1997 3886 omnium
2065 3815 2419 3883 actionum
2480 3813 2950 3881 humanarum

677 3922 913 4006 neget,
978 3938 1145 3989 nam
1208 3940 1420 4010 quam
1482 3921 1571 3991 ob
1631 3941 1784 3990 rem
1846 3921 2214 3990 Caesarem
2279 3916 2611 3988 conviciis
2668 3933 2951 3984 consec-

758 4172 816 4244 1)
858 4168 974 4229 Cic.
1014 4169 1088 4228 de
1125 4166 1247 4228 fato
1292 4172 1522 4227 18:41.
1845 4170 1906 4239 2)
1946 4165 2092 4227 Ibid.
2143 4170 2211 4224 17
2240 4180 2255 4225 t
2283 4167 2377 4223 39.

756 4266 818 4340 3)
859 4264 993 4325 Seu.
1035 4265 1142 4338 Qu.
1184 4265 1322 4325 Nat.
1362 4264 1590 4339 11:39,
1644 4263 1791 4322 VII:
1819 4265 1913 4322 24.
1980 4261 2171 4339 Epist..
2215 4265 2323 4336 93,
2371 4264 2518 4334 103,
2561 4263 2654 4320 31.
2727 4256 2820 4315 De
2855 4255 2953 4314 Ira

674 4363 822 4425 1:7-
901 4361 990 4423 De
1032 4361 1170 4422 Vita
1206 4360 1405 4422 Beata.
1446 4378 1496 4422 c.
1542 4364 1633 4423 15.
