3434 5159
1557 323 1600 394 7

435 553 662 616 antur.
755 548 1023 616 Deinde
1085 552 1354 634 autem,
1421 547 1660 637 quales
1724 545 1827 615 illi
1888 547 2000 615 dei
2059 546 2229 633 sint,
2278 566 2719 636 quaeramus,

437 652 685 720 Statim
749 673 1061 723 summas
1126 651 1564 722 difficultates
1627 657 1857 721 movet
1918 658 2162 741 poetae
2222 653 2720 741 inconstantia,

439 762 509 826 ut
558 758 655 825 ita
700 757 1045 827 dicamus:
1098 758 1304 826 modo
1352 757 1466 826 dei
1513 757 1749 826 omnia
1795 758 2059 845 valent,
2110 758 2319 827 modo
2351 758 2526 827 nihil
2559 778 2720 848 pos-

435 868 634 948 sunt3
707 863 913 931 modo
979 863 1092 931 dei
1152 863 1472 931 homines
1535 867 1784 931 curant
1849 868 2055 951 atque
2116 863 2448 954 diligunt,
2512 864 2721 932 modo
2809 909 2814 914 ¹

435 968 866 1039 delectantur
898 987 1142 1038 eorum
1176 969 1723 1055 calamitatibus,
1759 974 1827 1036 et
1857 970 1933 1036 in
1967 988 2084 1037 eos
2120 967 2473 1039 saeviunt!
2526 968 2721 1051 Quae

436 1074 932 1163 discrepantia,
969 1074 1202 1163 aliqua
1234 1094 1318 1141 ex
1343 1078 1539 1163 parte
1565 1074 1882 1163 quidem,
1909 1074 2199 1161 tollitur,
2231 1072 2719 1164 distinguendo
2755 1103 2760 1106 ·

439 1179 645 1247 verba
692 1179 911 1267 ipsius
957 1184 1201 1267 poetae
1250 1179 1338 1248 ab
1382 1179 1496 1265 iis,
1532 1199 1713 1268 quae
1745 1200 2085 1270 personae
2120 1180 2424 1270 cuipiam
2458 1180 2720 1250 adscri-

433 1284 718 1353 buntur.
811 1283 992 1352 Nam
1056 1286 1184 1354 etsi
1245 1290 1482 1374 poeta,
1553 1284 1932 1353 admodum
1978 1285 2248 1371 rhetor,
2298 1285 2430 1354 sub
2494 1283 2721 1355 aliena

436 1409 762 1477 persona,
802 1390 1211 1480 plerumque
1241 1392 1390 1480 ipse
1422 1390 1749 1479 loquitur,
1784 1395 2023 1458 tamen
2056 1391 2335 1479 saepius
2368 1391 2716 1477 homines,

434 1513 595 1564 suas
654 1497 969 1583 ipsorum
1033 1497 1414 1564 sententias
1473 1495 1988 1584 praedicanteS,
2047 1496 2352 1583 inducit,
2401 1516 2533 1565 nec
2578 1496 2717 1565 Lu·

436 1620 653 1668 canus
698 1605 843 1667 tam
890 1601 1170 1689 ineptus
1220 1621 1369 1670 esse
1415 1601 1717 1688 videtur,
1765 1606 1844 1669 ut
1891 1600 2161 1670 homini
2208 1622 2264 1670 e.
2302 1622 2366 1691 g.
2401 1620 2716 1670 exsecra-

434 1704 558 1773 bili
590 1704 885 1773 Pothino
918 1726 1079 1775 suas
1114 1707 1334 1795 ipsius
1368 1707 1732 1795 opiniones
1766 1706 2117 1776 attribuat.
2166 1706 2247 1775 In
2281 1706 2716 1795 universum,

434 1809 837 1898 PompeiuS,
875 1809 1074 1897 Cato,
1113 1811 1369 1901 aliique
1403 1811 1490 1880 ab
1525 1831 1768 1880 eorum
1801 1812 2116 1900 partibus
2147 1814 2443 1899 stantes,
2482 1810 2714 1901 (quaS,

434 1921 509 1983 ut
556 1915 723 1984 satis
770 1921 1054 2003 notum,
1103 1916 1431 1987 Lucanus
1466 1918 1917 1984 vehementer
1950 1916 2311 2006 amplexus
2351 1916 2484 2005 est)
2519 1918 2719 2011 quasi

437 2026 679 2108 poetae
726 2041 845 2089 ore
892 2019 1084 2111 loqui
1130 2022 1489 2108 videntur,
1533 2021 1761 2090 studet
1811 2025 2045 2090 autem
2087 2022 2529 2112 aliquomodo
2564 2042 2717 2091 ora-

375 2192 383 2198 .
437 2126 658 2194 tiones
691 2126 778 2195 ab
813 2127 1223 2196 adversariis
1256 2127 1530 2196 habitas
1563 2124 1842 2196 Caesari
1875 2132 1943 2194 et
1976 2126 2410 2196 Caesarianis
2444 2147 2717 2196 accom-

436 2230 754 2318 modare,
819 2232 943 2301 sed
1003 2252 1149 2301 non
1212 2253 1419 2322 aegre
1481 2231 1880 2318 ferendum,
1944 2231 2003 2300 si
2066 2233 2196 2300 hoc
2241 2233 2522 2321 ingenio
2569 2233 2717 2301 tam

434 2337 695 2405 fervido
743 2345 810 2406 et
855 2339 1200 2407 rhetorico
1245 2358 1496 2428 parum
1543 2338 1895 2408 successit.
1976 2338 2157 2406 Hinc
2197 2338 2408 2427 igitur
2438 2339 2715 2427 saepius

433 2443 743 2514 confusio
792 2449 1001 2533 atque
1047 2443 1513 2533 discrepantia
1560 2444 1810 2529 oritur,
1865 2442 2062 2511 cuius
2108 2443 2283 2512 ratio
2316 2442 2390 2510 in
2423 2443 2715 2532 singulis

431 2547 898 2637 disceptandis
946 2550 1187 2619 haberi
1233 2550 1460 2619 debet.

517 2653 638 2722 Est
699 2655 934 2744 opinio
996 2655 1302 2745 vulgaris
1364 2655 1729 2724 Lucanum
1794 2654 1960 2723 deos
2027 2655 2314 2722 omnino
2378 2674 2417 2721 e
2484 2654 2713 2723 medio

427 2760 826 2847 sustulisse3
907 2765 975 2829 et
1043 2761 1348 2850 profecto
1417 2761 1491 2828 in
1563 2760 1921 2828 Pharsalia
1996 2759 2142 2845 dei,
2216 2757 2456 2847 quales
2527 2760 2714 2849 apud

427 2864 811 2936 Homerum
881 2872 951 2934 et
1017 2865 1402 2955 Vergilium
1473 2865 1985 2955 depinguntur,
2048 2865 2184 2954 ipsi
2247 2864 2320 2932 in
2382 2884 2709 2933 scaenam

425 2969 879 3059 prodeunteS,
928 2991 1093 3040 cum
1139 2970 1541 3040 hominibus
1589 2975 1873 3060 agentes
1899 2975 1967 3037 et
1998 2970 2397 3058 loquenteS,
2433 2970 2709 3057 saepius

425 3073 606 3142 inter
667 3095 753 3158 se,
803 3075 1149 3162 rixantes,
1215 3096 1360 3144 non
1422 3081 1826 3163 comparent
1839 3098 1856 3162 ;
1908 3076 2079 3164 quin
2126 3095 2219 3142 ne
2266 3071 2705 3163 Olympicum

424 3178 708 3265 quidem
755 3180 1001 3269 deum,
1050 3182 1418 3270 perpaucis
1464 3181 1633 3249 locis
1681 3182 2018 3269 exceptis,
2072 3179 2157 3247 de
2191 3178 2445 3268 quibus
2476 3179 2709 3267 paullo

421 3289 605 3371 post,
655 3292 859 3373 poeta
908 3286 1280 3375 alloquitur
1324 3292 1444 3355 aut
1494 3286 1781 3355 inducit.
1875 3285 2107 3354 Nihilo
2155 3285 2387 3353 minus
2419 3305 2707 3352 sexcen-

420 3388 601 3456 tiens
660 3390 737 3458 in
811 3389 1169 3466 Pharsalia
1228 3391 1315 3460 de
1377 3391 1523 3460 deis
1549 3445 1566 3478 ,
1632 3391 1717 3459 de
1780 3390 2083 3480 superis,
2148 3385 2233 3457 de
2294 3389 2706 3472 numi-nibus

421 3514 649 3563 sermo
714 3501 843 3564 est:
908 3516 1053 3564 non
1110 3497 1314 3565 modo
1363 3497 1476 3565 dei
1520 3498 1592 3565 in
1638 3517 1877 3566 rerum
1923 3501 2172 3565 natura
2219 3496 2701 3581 dominantur,

420 3599 540 3666 sed
611 3601 938 3671 omnibus
1006 3601 1216 3671 rebus
1276 3602 1606 3670 humanis
1668 3622 1744 3669 se
1804 3601 2235 3686 immiscent,
2303 3598 2703 3667 hominibus

422 3705 795 3774 consulunt
842 3711 961 3774 aut
1007 3706 1351 3792 invident,
1401 3707 1947 3796 saepissimeque
1993 3705 2081 3774 ab
2128 3706 2214 3773 iis
2262 3704 2697 3773 invocantur.

506 3809 634 3878 Dei
666 3811 1015 3881 mundum
1042 3813 1382 3880 creavisse
1407 3812 1760 3899 videntur,
1793 3831 1962 3880 nam
1989 3831 2030 3880 a
2054 3809 2392 3880 militibus
2418 3806 2696 3878 Catonis
2720 3834 2795 3875 noi
2821 3836 2865 3876 sn
2891 3847 3029 3899 magn

416 3914 619 4003 plaga
665 3914 923 4004 Libyae
972 3917 1312 3994 calcatur:
2516 3905 2522 3914 ‘
2719 3889 3019 3985 :amam-

969 4073 983 4088 .
1062 4041 1322 4110 „quam
1371 4022 1638 4090 nullam
1685 4022 1922 4110 superi
1966 4019 2377 4089 mortalibus
2423 4019 2605 4088 ultra

641 4145 680 4193 a
726 4125 957 4194 medio
1004 4126 1229 4195 fecere
1275 4127 1430 4195 die''
1466 4125 1524 4216 ¹)

496 4351 555 4428 1)
596 4351 799 4412 phars.
839 4350 928 4412 lx
949 4368 966 4412 ε
988 4354 1244 4412 605—6.
