3434 5159
1477 338 1613 407 107

415 560 895 631 tantummodo
918 615 937 647 ,
985 561 1057 628 id
1103 566 1206 629 est
1252 560 1560 629 animam
1605 561 1854 631 mundi
1899 582 2049 631 esse
2093 562 2556 632 immortalem
2573 616 2591 651 ,
2619 561 2675 652 1)

416 668 754 756 putabant
814 671 1047 735 autem
1113 666 1381 735 animas
1442 670 1874 737 mortuorum
1896 721 1913 753 ,
1977 669 2232 759 quippe
2296 689 2473 758 quae
2519 689 2680 759 pars

418 774 692 842 animae
738 772 985 843 mundi
1030 777 1294 859 essent,
1343 792 1563 862 usque
1610 772 1698 840 ad
1743 772 1935 842 illam
1968 776 2363 860 „s’mrv'paemv”
2398 774 2677 844 durare:

415 879 537 948 sed
582 879 751 970 ipsis
797 877 1296 965 nescientibus,
1350 884 1516 968 quot
1561 879 1857 948 saeculis
1898 886 2053 970 post
2088 880 2207 950 illa
2238 880 2683 972 conflagratio

416 984 649 1055 futura
716 990 927 1072 esset,
999 984 1140 1054 fere
1200 985 1385 1053 idem
1449 990 1627 1072 erat,
1694 1005 1775 1055 ac
1836 986 1897 1054 si
1956 984 2358 1057 hominibus
2422 987 2683 1061 timidis

416 1092 1007 1164 immortalitatem
1082 1092 1593 1183 pollicerentur.
1626 1091 1685 1183 2)
1780 1093 1921 1161 Alii
1995 1114 2236 1165 rursus
2306 1096 2683 1164 censebant

417 1197 621 1266 modo
689 1199 1021 1287 sapientis
1089 1199 1397 1267 animam
1467 1203 1623 1287 post
1690 1199 1996 1288 corporis
2058 1207 2354 1270 mortem
2416 1202 2679 1289 vivere,

417 1303 844 1393 reliquorum
892 1305 1144 1374 animis
1189 1305 1424 1373 statim
1470 1305 1827 1374 exstinctis
1850 1359 1867 1393 ‚
1918 1306 2034 1374 alii
2066 1307 2365 1396 denique
2399 1308 2684 1375 omnino

417 1410 706 1479 mortuis
789 1410 1002 1479 vitam
1087 1410 1577 1481 abiudicabant
1600 1462 1618 1497 ,
1708 1412 1838 1481 hac
1918 1412 1994 1481 in
2069 1433 2146 1482 re
2226 1435 2385 1483 cum
2465 1414 2685 1482 atheis

417 1516 812 1584 sentientes.

506 1621 770 1691 Seneca
813 1621 1158 1713 imprimis
1202 1622 1337 1691 sibi
1383 1643 1525 1690 non
1573 1629 1874 1711 constat,
1925 1625 2158 1695 multis
2192 1625 2406 1694 locis
2389 1645 2672 1693 1mmor-
2701 1641 2942 1737 Sffimmae
2915 1638 3087 1735 hgegilgj

420 1728 754 1797 talitatem
825 1729 1101 1797 credere
1164 1728 1436 1797 videtur
1496 1733 1564 1796 et
1624 1729 1919 1798 affirmat
1986 1731 2161 1818 „hoc
2224 1751 2470 1821 corpus
2533 1751 2673 1799 non

422 1833 744 1920 domum,
795 1835 915 1904 sed
961 1834 1337 1924 hospitium
1385 1840 1452 1903 et
1484 1835 1691 1903 breve
1725 1836 2007 1925 quidem
2043 1837 2415 1927 hospitium
2451 1838 2656 1924 esse,'

419 1940 649 2024 „diem
696 1947 1085 2012 extremum
1133 1961 1281 2009 esse
1329 1941 1593 2010 aeterni
1639 1942 2018 2025 natalem,’'
2059 1963 2285 2033 neque
2318 1942 2424 2012 his
2457 1943 2683 2011 verbis

420 2045 670 2115 clarius
733 2049 1149 2119 sententiam
1212 2047 1597 2136 exprimere
1649 2049 1898 2135 possit:
1950 2048 2174 2134 „Cum
2221 2050 2487 2117 venerit
2534 2049 2681 2117 dies

417 2150 564 2238 ille,
625 2152 746 2240 qui
789 2173 904 2222 me
949 2154 1248 2223 mixtum
1294 2153 1510 2220 divini
1555 2152 1985 2244 humanique
2032 2160 2383 2242 secernat,
2435 2174 2684 2246 corpus

418 2255 562 2343 hic,
626 2257 749 2326 ubi
808 2259 1078 2346 inveni,
1138 2259 1526 2347 relinquam
1545 2311 1563 2345 ,
1625 2259 1773 2348 ipse
1835 2280 1949 2328 me
2013 2260 2132 2329 Dis
2184 2261 2471 2330 reddam
2490 2315 2507 2349 ,
2558 2280 2684 2351 per

418 2361 543 2430 has
611 2363 920 2432 mortalis
982 2365 1160 2433 vitae
1220 2383 1451 2433 moras
1512 2364 1612 2433 illi
1676 2365 1947 2434 meliori
2006 2367 2186 2435 vitae
2251 2367 2683 2457 longiorique

419 2467 883 2556 proluditur;'’
956 2491 1046 2540 ne
1116 2469 1548 2541 Christianus
1618 2471 1900 2559 quidem
1973 2479 2265 2541 matrem
2336 2473 2682 2542 dolentem

417 2574 645 2643 verbis
721 2577 940 2665 magis
1019 2577 1306 2646 excelsis
1384 2576 1725 2645 consolari
1798 2584 2066 2667 posset,
2140 2599 2348 2668 quam
2419 2578 2685 2647 Seneca

419 2680 750 2749 Marciam
798 2682 883 2750 de
929 2682 1069 2751 filio
1117 2684 1370 2752 amisso
1411 2683 1800 2773 lugentem:
1853 2683 2133 2775 „Imago
2168 2685 2524 2754 dumtaxat
2556 2684 2680 2753 filii

423 2786 524 2854 tui
570 2788 808 2876 periit,
855 2790 1003 2878 ipse
1050 2789 1331 2878 quidem
1379 2796 1703 2859 aeternus
1751 2790 2194 2880 meliorisque
2240 2811 2431 2860 nunc
2453 2796 2684 2863 'stat-us

416 2897 550 2978 est,
616 2892 1036 2984 despoliatus
1097 2897 1424 2967 oneribus
1487 2897 1730 2966 alienis
1792 2902 1860 2965 et
1913 2896 2045 2965 sibi
2089 2898 2405 2983 relictuS‚
2464 2951 2477 2965 .
2534 2951 2547 2964 .
2599 2950 2613 2967 .
2668 2950 2681 2963 .

418 3000 707 3068 excessit
751 2999 935 3071 filius
983 3007 1142 3072 tuus
1192 3004 1526 3071 terminos
1545 3057 1562 3092 ,
1610 3004 1796 3072 intra
1842 3023 2014 3093 quos
2058 3005 2379 3089 servitur,
2415 3002 2683 3095 excepit

415 3102 611 3172 illum
657 3126 911 3196 magna
959 3114 1028 3176 et
1073 3113 1354 3176 aeterna
1400 3109 1600 3199 an.”
1633 3109 1694 3199 3)

499 3333 557 3406 1)
619 3331 854 3392 Seneca.
910 3333 1058 3393 Dial.
1121 3333 1373 3393 V1226:
1401 3339 1453 3392 6.
1557 3333 1739 3404 „Cum
1791 3340 2014 3409 tempus
2070 3335 2398 3410 advenerit,
2455 3351 2568 3409 quo
2623 3351 2684 3395 se

416 3427 655 3487 mundus
713 3433 1088 3489 renovaturus
1150 3430 1475 3503 exstinguat
1488 3475 1502 3501 ,
1562 3430 1778 3490 viribus
1838 3431 1955 3490 ista
2010 3448 2071 3490 se
2126 3432 2243 3490 suis
2299 3430 2570 3504 caedent,
2628 3438 2684 3491 e't

415 3523 603 3584 sidera
642 3524 923 3585 sideribus
964 3527 1258 3585 incurrent
1298 3531 1356 3586 et
1397 3529 1550 3585 omni
1588 3525 1872 3599 flagrante
1913 3528 2151 3586 materia
2191 3544 2305 3587 uno
2347 3528 2480 3601 igne
2524 3527 2684 3600 quid-

421 3620 557 3694 quid
597 3637 750 3680 nunc
788 3638 856 3680 ex
897 3621 1174 3696 disposito
1213 3623 1367 3682 lucet
1406 3622 1689 3683 ardebit.'’
1774 3621 1857 3683 Cf.
1902 3624 2037 3683 Nat.
2082 3624 2310 3695 Quaest.
2346 3623 2431 3682 111
2454 3642 2469 3682 z
2496 3630 2568 3682 13
2593 3642 2608 3681 t
2631 3628 2683 3682 2.

494 3716 556 3792 2)
606 3715 693 3777 Of.
757 3718 873 3777 Cic.
935 3720 1102 3778 Tusc.
1163 3719 1465 3778 1:31277
1532 3718 1755 3792 „Stoici
1815 3725 2003 3780 autem
2064 3736 2292 3779 usuram
2356 3724 2456 3793 (sc.
2509 3720 2688 3795 vitae)

417 3813 582 3872 nobis
633 3815 959 3888 largiuntur
1011 3819 1297 3888 tamquam
1353 3815 1709 3891 cornicibus3
1764 3815 1863 3875 diu
1903 3832 2199 3876 mansuros
2238 3817 2401 3875 aiunt
2438 3817 2686 3885 animos,

415 3924 638 3983 semper
678 3910 953 3984 negant.”

495 4012 554 4079 3)
598 4006 686 4066 cf.
748 4006 965 4067 Seneca
1024 4007 1214 4081 Epist.
1281 4011 1566 4080 120214‚
1633 4013 1923 4084 102226,
1985 4013 2269 4084 102222,
2329 4012 2572 4083 92:133
2615 4005 2687 4065 ad

413 4100 577 4161 Helv.
623 4108 812 4163 1127.
895 4103 1063 4164 Cous.
1121 4104 1195 4164 ad
1241 4104 1422 4165 Marc.
1464 4109 1673 4177 2425,
1723 4109 1916 4164 1926.
1998 4105 2265 4165 Notabile
2306 4104 2545 4164 ostiam
2586 4103 2688 4163 Se-

415 4215 612 4258 necam
626 4244 642 4275 ,
697 4200 870 4274 plane
908 4205 971 4260 ut
1013 4200 1391 4275 Christianos,
1448 4217 1667 4262 summo
1708 4217 1836 4260 cum
1876 4206 2204 4276 contemptu
2245 4216 2451 4274 corpus
2492 4200 2690 4274 appel-

414 4295 536 4355 lare
595 4294 918 4370 „carnem'',
979 4313 1091 4370 quo
1151 4297 1344 4357 anima
1401 4298 1738 4358 immortalis
1799 4298 1979 4358 multo
2033 4297 2214 4372 pluris
2278 4296 2543 4356 habenda
2594 4297 2685 4356 sit.

418 4389 504 4451 Cf.
544 4391 731 4469 Epist.
776 4397 1020 4469 65:22,
1066 4392 1313 4471 74:16,
1360 4397 1609 4469 92:10,
1654 4397 1850 4454 5729.
