3434 5159
1818 328 1955 401 108

852 551 1065 621 Valde
1112 553 1366 621 mirum
1414 552 1651 641 igitur,
1700 550 1884 641 quod
1929 551 2117 620 idem
2164 550 2611 640 philosophus
2659 552 2809 621 aliis
2846 552 3017 621 locis

764 657 1047 727 totidem
1124 659 1349 727 verbis
1419 658 2005 727 immortalitatem
2074 665 2299 747 negat.
2393 657 2572 726 Nam
2641 659 2715 726 in
2784 658 3018 728 fabula

763 764 1143 851 Troadum,
1216 765 1355 832 fere
1423 763 1511 832 ab
1579 762 1905 833 omnibus
1974 763 2192 832 doctis
2261 763 2565 832 Senecae
2636 763 3016 853 adscripta,

766 870 1074 940 versibus
1150 870 1472 961 gravibus
1547 877 1615 938 et
1685 868 2024 959 pulchriS,
2095 889 2444 940 summam
2513 869 3016 939 dubitationem

766 983 1026 1048 movet:

1026 1081 1416 1172 „Quicquid
1462 1082 1564 1151 sol
1611 1082 1842 1152 oriens
1889 1083 2216 1173 quicquid
2265 1092 2333 1151 et
2379 1082 2701 1152 occidens

1026 1190 1251 1274 novit,
1302 1189 1634 1259 caeruleis
1680 1187 2001 1258 Oceanus
2046 1189 2236 1257 fretis

1027 1295 1356 1385 quicquid
1402 1296 1511 1364 bis
1557 1296 1843 1364 veniens
1890 1295 1996 1364 bis
2041 1295 2313 1385 fugiens
2361 1296 2572 1382 lavat,

1030 1408 1217 1471 aetas
1262 1421 1555 1492 pegaseo
1602 1401 1940 1491 conripiet
1985 1402 2224 1491 gradu.

1027 1515 1211 1599 post
1243 1514 1585 1577 mortem
1618 1508 1827 1576 nihil
1859 1514 1985 1577 est
2017 1509 2355 1598 ipsaque
2389 1527 2605 1575 mors
2636 1506 2882 1584 nihil,

1027 1635 1222 1705 spem
1270 1618 1535 1704 ponant
1578 1614 1799 1699 avidi,
1847 1614 2122 1683 solliciti
2168 1613 2494 1684 metum.”
2532 1612 2586 1702 ¹)

851 1721 954 1790 Ne
1002 1717 1363 1803 Lucretius
1410 1720 1690 1810 quidem
1738 1720 1982 1790 fortius
2028 1726 2097 1788 et
2136 1721 2438 1810 apertius
2470 1720 2685 1787 vitam
2718 1719 3023 1788 futuram

762 1834 1000 1918 negat,
1069 1827 1238 1917 quin
1307 1827 1457 1916 ipsa
1524 1825 1735 1896 verba
1805 1829 2259 1896 conveniunt:
2330 1846 2517 1894 mors
2587 1825 2762 1893 nihil
2806 1832 2928 1895 est.
2963 1826 3023 1913 2)

764 1934 989 2002 Etiam
1036 1933 1246 2002 verba
1293 1932 1672 2001 clarissima
1719 1932 2034 2003 Caesaris
2050 1987 2067 2020 ,
2120 1931 2372 2023 quibus
2411 1931 2704 2021 probare
2736 1920 3028 2000 conatur

765 2040 1202 2109 Catilinarios
1247 2044 1554 2107 extremo
1600 2040 1940 2130 supplicio
1987 2059 2129 2108 non
2177 2038 2573 2107 afficiendos
2617 2058 2765 2107 esse
2784 2092 2801 2123 ‚
2835 2036 3022 2126 quod

763 2166 949 2215 mors
1009 2147 1099 2214 sit
1157 2146 1387 2235 quieS,
1452 2166 1594 2214 non
1654 2166 1878 2236 poena
1903 2144 1994 2237 3),
2058 2147 2222 2214 satis
2286 2144 2657 2215 ostendunt
2719 2149 2796 2214 ut
2839 2143 3015 2212 haec

762 2253 995 2342 opinio
1041 2253 1253 2321 tristis
1301 2252 1618 2321 homines
1664 2253 1815 2322 eius
1859 2252 2189 2342 temporis
2228 2252 2605 2321 incesserit.
2661 2250 2760 2318 Eo
2794 2250 3020 2341 magis

763 2365 993 2428 autem
1056 2358 1164 2427 his
1226 2357 1536 2428 versibus
1568 2352 1974 2448 'magnificis
2019 2358 2288 2426 Manilii
2333 2357 2781 2426 vehementer
2827 2376 3019 2426 com-

760 2485 1143 2550 movemur,
1208 2465 1327 2553 qui
1388 2464 1689 2533 mirabili
1744 2463 1949 2532 modo
1997 2484 2157 2534 curn
2204 2463 2451 2553 spiritu
2497 2469 2860 2552 poetarum
2904 2482 3018 2530 re-

759 2571 1142 2641 centiorum
1226 2571 1663 2661 conspiranS,
1751 2571 2020 2641 homini
2095 2569 2352 2660 aliquid
2423 2569 2735 2639 divinum
2806 2574 3018 2658 atque

758 2677 1148 2746 immortale
1195 2683 1498 2767 arrogat:

847 2783 1001 2869 „An
1052 2783 1341 2852 dubium
1390 2788 1524 2871 est,
1574 2782 1885 2852 habitare
1931 2784 2140 2853 deum
2186 2784 2315 2853 sub
2363 2788 2638 2873 pectore
2684 2787 2919 2850 nostro

844 2889 919 2957 in
966 2888 1373 2978 coelumque
1418 2889 1643 2958 redire
1690 2890 1992 2977 animas,
2043 2887 2369 2978 coeloque
2415 2888 2703 2957 venire&

848 3150 1306 3170 .....
1401 3098 1583 3181 Quid
1629 3102 1922 3187 mirum,
1973 3121 2259 3170 noscere
2304 3101 2647 3171 mundum

845 3206 903 3275 si
947 3213 1240 3295 possunt
1285 3208 1638 3294 homineS‚
1690 3207 1942 3297 quibus
1990 3213 2094 3276 est
2138 3213 2206 3276 et
2252 3208 2557 3277 mundus
2607 3207 2683 3275 in
2727 3206 2929 3296 ipsiS,

845 3314 1377 3405 exemplumque
1421 3314 1534 3383 dei
1580 3315 1871 3405 quisque
1918 3319 2021 3383 est
2063 3316 2137 3382 in
2182 3314 2486 3405 imagine
2530 3315 2791 3404 parva‘?

841 3617 896 3689 1)
938 3614 1025 3675 Of.
1069 3615 1201 3675 Son.
1245 3615 1451 3675 Troad.
1494 3617 1628 3676 edit.
1672 3617 1895 3691 Peiper.
1935 3634 2046 3678 vrs.
2089 3622 2353 3692 391-4,
2397 3622 2652 3678 406-8,
2713 3617 3018 3693 Legendus

755 3717 844 3773 est
882 3711 1088 3771 chorus
1130 3715 1461 3770 380-418.

835 3810 895 3883 2)
935 3807 1165 3870 Lucret.
1205 3807 1327 3865 111:
1354 3811 1466 3866 797
1490 3824 1576 3879 sq.
1619 3813 1753 3868 830.
1835 3809 2120 3883 Imprimis
2160 3810 2380 3870 Plinius
2418 3811 2608 3871 Maior
2649 3811 3016 3870 V112188—

759 3910 868 3965 191
912 3905 1020 3965 hac
1057 3903 1129 3964 de
1167 3920 1233 3965 re
1269 3903 1572 3979 legendu83
1614 3905 1801 3965 nullus
1841 3906 2039 3966 atheos
2080 3906 2249 3967 hodie
2287 3905 2491 3967 fortius
2529 3907 3017 3967 immortalitatem

753 4016 964 4076 negare
1021 4000 1220 4075 possit.
1311 3999 1429 4058 Alii
1479 4015 1675 4060 rursus
1727 4018 1848 4061 rem
1898 4002 1960 4060 in
2011 4002 2198 4062 medio
2250 4008 2503 4078 ponunt,
2564 4009 2630 4062 ut
2678 4002 2777 4062 ille
2829 4002 3015 4062 tristis

753 4097 978 4158 Stoicus
993 4142 1010 4173 ,
1054 4098 1285 4158 Tacitus
1301 4141 1318 4172 ,
1359 4098 1443 4157 sic
1479 4097 1806 4173 Agricolam
1843 4104 2127 4159 mortuum
2154 4100 2465 4160 allocutus:
2510 4100 2610 4169 „Si
2637 4099 2764 4174 quis
2790 4099 3014 4174 piorum

753 4195 1012 4254 manibus
1063 4194 1221 4254 locus
1236 4238 1253 4269 ‚
1306 4196 1388 4272 si,
1442 4200 1508 4255 ut
1546 4195 1897 4270 sapientibus
1937 4196 2127 4270 placet
2140 4241 2157 4272 ‚
2200 4212 2316 4256 non
2357 4213 2484 4256 cum
2525 4212 2763 4271 corpore
2802 4196 3017 4256 exstin-

752 4295 1003 4365 guuntur
1040 4306 1277 4366 magnae
1315 4291 1538 4352 animae
1551 4334 1568 4369 ,
1608 4291 1835 4368 placide
1875 4290 2193 4369 quiescas”,
2235 4297 2345 4354 etc.

835 4389 898 4465 3)
938 4386 1075 4449 Sall.
1120 4388 1288 4450 catil.
1331 4390 1566 4449 51:20.
