3434 5159
1860 295 1952 363 30

771 510 982 580 tiosos
1042 511 1462 580 concionans
1477 565 1495 598 ‚
1565 511 1864 581 affirmat
1924 514 2060 584 sibi
2120 535 2363 586 eorum
2425 519 2683 588 auxilio
2750 523 3040 591 omnino

774 635 917 683 non
978 634 1151 704 opus
1211 635 1392 701 esse3
1454 636 1622 684 nam
1668 638 1812 687 non
1858 620 2080 709 magis
2125 641 2339 710 quam
2384 643 2578 692 mare
2624 625 3040 714 siccaretur,

772 720 833 787 si
891 718 1183 788 flumina
1242 721 1308 788 ei
1369 740 1584 809 aquas
1643 722 2148 813 subducerent,
2210 746 2411 795 suam
2469 748 2753 797 causam
2801 751 3043 799 eorum

773 823 1154 892 defectione
1200 824 1695 894 detrimentum
1744 831 2106 915 capturam
2152 849 2322 897 esse.
2416 830 2521 899 Ne
2568 834 2824 902 milites
2857 835 3040 902 arbi-

772 933 1121 996 trarentur
1136 980 1154 1013 ,
1203 928 1368 996 deos
1413 929 1767 998 fortunam
1811 951 2217 1021 prosperam
2263 941 2383 1004 aut
2427 936 2788 1006 adversam
2819 939 3044 1013 homi-

773 1052 945 1099 num
989 1036 1135 1099 tam
1180 1031 1552 1102 humilium
1600 1053 1866 1103 curare.

952 1189 966 1203 .
1287 1189 1302 1204 .
1352 1137 1511 1222 „An
1560 1157 1682 1206 vos
1728 1144 2087 1208 momenta
2130 1142 2389 1229 putatis

946 1188 1091 1309 ulla
1134 1240 1404 1310 dedisse
1449 1242 1675 1311 mihi‘?
1746 1243 2146 1333 Numquam
2194 1248 2295 1315 sic
2341 1267 2508 1316 cura
2556 1248 2845 1317 deorum

950 1365 1024 1414 se
1070 1347 1322 1434 premit
1367 1352 1445 1415 ut
1488 1352 1757 1417 vestrae
1805 1351 2013 1417 morti
2058 1357 2461 1481 vestraeque
2507 1353 2714 1421 saluti

948 1449 1090 1519 fata
1133 1451 1439 1521 vacentss’
1473 1450 1530 1540 1)

862 1554 999 1623 Sed
1044 1556 1279 1626 statim
1323 1556 1742 1625 sententiam
1790 1557 1980 1627 addit
2010 1557 2311 1644 Caesar,
2347 1579 2559 1648 quam
2594 1561 2806 1630 etiam
2838 1561 3045 1628 hodie

774 1660 974 1729 multi
1018 1661 1383 1749 optimates
1428 1662 1628 1749 sequi
1674 1667 1743 1729 et
1790 1662 2072 1731 laudare
2115 1663 2471 1733 videntur:

1200 1818 1214 1832 .
1260 1785 1672 1885 „procerum
1719 1771 1950 1834 motus
1998 1767 2170 1835 haec
2216 1772 2471 1836 cuncta
2514 1773 2939 1856 sequuntur·

863 1816 1342 1938 humanum
1403 1870 1720 1957 paucis
1783 1871 2008 1937 vivit
2068 1872 2391 1960 genus”
2443 1924 2458 1939 .
2556 1924 2571 1939 .
2666 1923 2682 1940 .
2776 1872 2884 1959 .2)

862 1971 989 2041 Dei
1049 1974 1258 2061 igitur
1320 1993 1464 2040 non
1526 1973 1929 2042 hominibus
1988 1973 2250 2042 infimis
2314 1981 2529 2060 certe,
2594 1976 2716 2043 sed
2771 1977 3046 2065 magnis

775 2075 1068 2144 ducibus
1114 2073 1518 2144 consulunt!
1566 2074 1660 2143 At
1705 2075 1819 2142 dei
1864 2075 2188 2164 Epicurei
2223 2078 2299 2144 in
2330 2078 2817 2147 intermundiis
2848 2079 3047 2147 habi-

773 2184 999 2247 tantes
1061 2200 1151 2247 ne
1210 2180 1335 2248 hos
1393 2179 1676 2267 quidem
1742 2184 2022 2249 curant:
2080 2181 2207 2248 ⁴dei
2269 2182 2594 2269 Epicurei
2656 2183 2867 2272 igitur
2912 2182 3047 2250 hoc

772 2285 923 2352 loco
969 2304 1112 2352 non
1159 2284 1632 2372 designantur.
1727 2283 1892 2352 Sine
1938 2283 2080 2351 ulla
2126 2285 2555 2355 dubitatione
2600 2288 2811 2375 igitur
2858 2286 3043 2354 affir-

776 2409 966 2458 mare
1030 2389 1399 2475 audemuS,
1461 2390 1827 2457 Lucanum
1889 2389 1965 2455 in
2025 2388 2380 2458 Pharsalia
2440 2410 2585 2458 non
2644 2390 2778 2459 sibi
2839 2392 3043 2478 deOS,

774 2493 1012 2583 quales
1059 2495 1401 2584 Epicurus
1451 2500 1568 2562 aut
1614 2493 1978 2563 Lucretius
2023 2494 2370 2583 depingit,
2417 2496 2815 2563 informare.

368 2625 435 2665 Nu
409 2636 477 2665 um
518 2625 592 2666 nes
630 2624 714 2665 ph
690 2636 752 2665 r·
864 2600 1237 2669 Videamus
1301 2601 1476 2683 iam,
1538 2619 1710 2667 num
1773 2599 2060 2667 forsitan
2121 2599 2222 2667 illi
2283 2599 2394 2667 dei
2448 2621 2610 2668 cum
2656 2599 3045 2668 Stoicorum

368 2678 511 2782 ἓξὲξ
513 2688 619 2770 “sffii
621 2677 750 2771 ἔξω
776 2705 1086 2772 doctrina
1135 2709 1537 2793 congruant.
1617 2703 1766 2771 Iam
1815 2723 1855 2771 a
1900 2704 2113 2791 priori
2152 2706 2316 2771 satis
2361 2703 2717 2792 probabile
2752 2703 3040 2786 videtur,

370 2794 445 2824 ⁰⁰¹¹
419 2783 629 2824 ¹¹⁹⁶¹¹¹⁸¹¹¹⁵
775 2813 1049 2897 poetam
1125 2813 1484 2894 nostrum,
1564 2807 1762 2876 cuius
1837 2812 2126 2896 patruus
2203 2808 2468 2876 Seneca
2543 2807 3037 2895 PhilosophuS,

775 2915 1098 3001 magister
1121 2911 1465 2980 Cornutus
1489 2910 1760 2980 Stoicus
1785 2912 2008 2997 fuerit,
2036 2917 2260 2979 castra
2281 2911 2671 2981 Stoicorum
2689 2913 3035 3000 petivisse,

773 3016 894 3085 sed
953 3022 1253 3105 praestat
1313 3021 1384 3083 in
1441 3023 1761 3103 poemate
1818 3017 1970 3104 ipso
2027 3017 2317 3105 vestigia
2370 3018 2520 3085 eius
2563 3015 3039 3104 philosophiae

773 3122 1083 3189 scrutari.
1175 3118 1405 3208 „Quid
1428 3121 1508 3188 ‘2⁹’
1587 3120 2003 3188 exclamabit
2076 3120 2361 3188 fortasse
2439 3121 2687 3209 aliquis
2707 3173 2725 3206 ,
2805 3120 3039 3207 „Num

773 3226 1152 3315 quidquam
1199 3226 1312 3293 dei
1356 3225 1625 3295 Lucani
1669 3246 1893 3314 paene
1938 3226 2338 3314 personales
2376 3244 2748 3295 commune
2779 3225 3042 3293 habent

774 3350 934 3397 cum
1003 3331 1130 3399 deo
1199 3330 1625 3409 Stoicorum,
1696 3331 1823 3398 toti
1883 3336 2175 3399 naturae
2233 3330 2500 3417 infuso,
2570 3350 2733 3399 cum
2794 3329 3042 3399 mundi

774 3435 1040 3520 anima,
1101 3441 1334 3502 mente
1380 3435 1738 3521 universa,
1788 3435 2129 3523 principio
2178 3440 2246 3502 et
2289 3435 2557 3504 ratione
2604 3434 2841 3502 omnia
2887 3452 3035 3500 mo-

773 3544 1010 3623 vente,
1089 3544 1167 3607 ut
1229 3538 1470 3606 dicunt
1533 3539 1746 3606 Stoici
1763 3537 1836 3606 ‘2⁹’
1885 3539 1944 3626 3)
2063 3538 2155 3607 At
2216 3544 2295 3607 ut
2353 3541 2494 3607 iam
2560 3544 2720 3606 ante
2777 3539 3041 3607 dictum

773 3647 975 3730 poeta
1020 3646 1252 3709 noster
1298 3661 1439 3709 non
1486 3643 1559 3710 in
1610 3643 1845 3710 animo
1892 3642 2225 3730 habebat,
2283 3642 2830 3731 philosophicam
2875 3642 3039 3710 doc-

773 3748 1028 3814 trinam
1090 3765 1436 3833 exponere
1497 3753 1566 3813 et
1619 3747 1996 3832 illustrare,
2043 3753 2124 3815 ut
2168 3747 2528 3816 Lucretius
2544 3801 2561 3834 ,
2612 3749 2734 3835 qui
2778 3748 3039 3835 optime

857 4005 912 4074 1)
954 4000 1155 4059 Phars.
1197 3999 1447 4057 V2339.

854 4099 914 4163 2)
954 4094 1153 4154 Phars.
1208 4095 1260 4154 V
1290 4112 1306 4152 z
1337 4096 1450 4152 342
1505 4091 1687 4168 „vivit
1737 4089 1971 4165 paucis'’
2022 4091 2307 4164 significat
2360 4093 2463 4165 „in
2515 4107 2827 4166 paucorum
2882 4110 3036 4152 com-

771 4190 1058 4250 modum.”

854 4290 913 4359 3)
956 4284 1042 4345 cf.
1083 4300 1175 4357 pg.
1222 4288 1317 4342 35.
