3434 5159
1736 292 1825 360 70

1179 514 1542 633 „quamvis
1587 534 1865 582 summo
1912 514 1999 582 de
2048 514 2357 583 cul-mine
2403 515 2639 604 lapsus

778 620 1091 689 nondum
1139 620 1272 688 vile
1317 620 1428 689 sui
1471 620 1775 709 pretium
1823 620 1953 687 scit
1998 620 2360 709 sanguinis
2406 640 2592 706 esse,

775 743 1016 811 seque,
1064 744 1395 791 memor
1438 723 1638 811 fati,
1684 728 1920 792 tantae
1966 723 2307 792 mercedis
2351 724 2651 792 habere’'
2698 730 2828 793 etc.
2860 725 2918 813 1)

644 829 767 898 ubi
825 828 1042 896 fatum
1104 826 1446 916 significat
1507 827 1917 918 dignitatem
1978 827 2123 896 sive
2186 827 2455 915 locum,
2504 848 2713 917 quem
2762 834 2923 896 ante

644 932 909 1002 bellum
955 930 1156 999 civile
1203 931 1522 1001 habebat.

734 1036 1097 1125 Cleopatra
1188 1041 1422 1105 autem
1514 1056 1554 1104 a
1631 1035 1924 1105 Caesare
2002 1036 2339 1106 auxilium
2415 1036 2741 1126 implorat
2813 1009 2934 1104 his.

649 1141 907 1210 verbm·
999 1243 1124 1331 „Si
1167 1251 1288 1313 tua
1331 1246 1648 1314 restituat
1691 1245 1908 1314 veteri
1952 1265 2066 1313 me
2111 1246 2393 1314 dextera
2438 1245 2574 1314 fato
2592 1299 2610 1333 ,

1004 1349 1420 1438 complector
1463 1351 1707 1440 regina
1752 1350 2001 1439 pedes’'
2037 1348 2096 1438 2)

739 1454 922 1625 QuidP
987 1452 1174 1521 aliud
1235 1473 1447 1542 quam
1510 1452 1920 1543 dignitatem
1968 1453 2297 1523 hocloco
2343 1451 2687 1543 significat
2730 1458 2925 1522 vetus

650 1560 870 1626 fatum

739 1663 838 1730 De
884 1660 1280 1730 Alexandro
1325 1661 1581 1752 Magno
1626 1663 1730 1731 sic
1773 1662 2081 1752 loquitur
2123 1668 2356 1752 poeta:

828 1764 1010 1853 „Qui
1055 1787 1309 1841 secum,
1339 1767 1602 1835 invidia
1620 1821 1637 1853 ,
1688 1787 1827 1856 qua
1872 1772 2098 1836 totum
2147 1771 2423 1857 ceperat
2468 1766 2709 1835 orbem

832 1871 1115 1940 abstulit
1158 1872 1530 1961 imperium
1550 1924 1568 1958 ‚
1617 1871 1950 1960 nulloque
1994 1873 2251 1941 herede
2293 1871 2535 1941 relicto

827 1976 1112 2045 totius
1159 1976 1188 2043 f
1198 1978 1359 2063 ati,
1407 1977 1817 2045 lacerandas
1860 1976 2183 2066 praebuit
2225 1976 2498 2047 urbeS.''
2532 1974 2592 2067 ³)

740 2078 990 2147 Fatum
1053 2087 1288 2170 aperte
1348 2081 1537 2150 idem
1600 2087 1702 2150 est
1757 2082 1942 2170 quod
1988 2082 2364 2171 imperium
2412 2101 2544 2150 nec
2590 2081 2928 2170 aliquem,

652 2203 778 2272 pro
841 2183 1049 2271 „fati”
1114 2185 1457 2275 legentem
1504 2185 1814 2274 „regni'',
1864 2207 1904 2255 a
1950 2187 2295 2256 sententia
2342 2186 2663 2256 aberrare
2711 2185 2929 2255 credi-

655 2288 983 2357 derimuS.

743 2392 1135 2484 Aegyptum
1198 2402 1401 2484 poeta
1460 2401 1661 2464 vocat
1704 2397 2071 2485 „tellurem
2120 2397 2400 2466 noxiam
2450 2395 2636 2464 civili
2681 2395 2713 2463 f
2723 2395 2928 2480 ato'’,

657 2497 778 2566 ubi
823 2499 897 2566 in
947 2500 1182 2567 animo
1228 2500 1470 2568 habet:
1521 2501 1826 2588 „bellum
1877 2502 2121 2570 civile'’
2148 2501 2230 2591 4);
2281 2501 2446 2570 alibi
2475 2520 2719 2571 rursus
2750 2519 2932 2568 asse-

658 2607 883 2670 verat:
950 2604 1215 2690 „fatum
1279 2606 1670 2674 miserabile
1734 2606 1900 2675 belli
1943 2607 2020 2674 in
2065 2607 2331 2696 pedites
2375 2606 2838 2691 incubuisse”,
2874 2602 2932 2692 ⁵)

659 2707 879 2775 fatum
926 2709 1134 2797 igitur
1179 2714 1281 2777 est
1328 2709 1737 2779 difficillima
1784 2717 1852 2778 et
1896 2712 2202 2780 maxime
2245 2711 2633 2801 periculosa
2663 2729 2937 2800 pugnae

660 2831 840 2900 pars,
937 2811 1484 2904 Nonnumquam
1560 2816 1782 2883 fatum
1857 2835 1985 2904 pro
2062 2835 2390 2886 successu
2467 2820 2588 2885 aut
2661 2815 2940 2883 fortuna

661 2916 980 3005 ponitur,
1051 2938 1476 3008 quamquam
1544 2920 1660 2988 hic
1720 2920 1930 2988 etiam
1992 2920 2171 2989 inest
2235 2921 2426 2989 notio
2486 2919 2780 2989 alicuius
2836 2918 2939 2986 rei

663 3021 1230 3108 praedestinatae.
1264 3022 1324 3112 ⁰)

755 3125 881 3193 His
928 3132 993 3194 et
1041 3128 1191 3196 aliis
1236 3128 1407 3197 locis
1451 3129 1693 3219 igitur,
1745 3149 1784 3197 e
1828 3148 2017 3198 nexu
2048 3134 2118 3197 et
2147 3128 2376 3198 verbis
2410 3127 2937 3198 cohaerentibus

664 3250 939 3319 semper
981 3230 1390 3321 significatio
1436 3232 1557 3301 fati
1600 3231 1963 3301 efficienda
2007 3237 2129 3302 est.

261 3359 317 3398 ra
318 3360 362 3397 ιιι
309 3369 486 3451 ιιιιιιιιιῃιιιι
458 3358 626 3398 ιιιιιιιιιι
757 3334 1072 3425 Denique
1142 3356 1392 3426 operae
1452 3337 1755 3426 pretium
1817 3342 1920 3405 est
1980 3337 2559 3423 animadvertere,
2622 3340 2700 3405 ut
2763 3336 2938 3403 mire

466 3415 534 3451 ‘³¹¹‘
507 3421 591 3451 ¹¹'¹¹²
671 3439 888 3509 fatum
906 3492 924 3526 ,
1005 3442 1201 3528 quasi
1275 3461 1386 3509 res
1460 3442 1675 3509 tactui
1747 3445 1816 3508 et
1881 3441 2061 3509 visui
2128 3440 2473 3528 subiecta,
2543 3440 2934 3509 inducatur.

672 3527 1201 3631 Comparatione
1246 3546 1428 3613 inter
1472 3545 1792 3633 sibyllam
1840 3546 2229 3614 Cumanam
2277 3549 2346 3613 et
2390 3544 2708 3634 Pythiam
2740 3543 2939 3611 insti-

667 3651 848 3732 tuta,
898 3647 1066 3715 dicit
1108 3654 1344 3737 poeta:

849 3750 1076 3838 „Talis
1121 3752 1195 3821 in
1243 3752 1551 3822 Euboico
1597 3759 1789 3823 vates
1836 3752 2152 3823 Cumana
2195 3772 2473 3823 recessu
2489 3807 2507 3841 ,

848 3849 1211 3946 indignata
1263 3878 1471 3927 suum
1515 3859 1755 3928 multis
1800 3859 2058 3928 servire
2103 3858 2407 3928 furorem

755 4096 813 4165 1)
853 4092 1056 4152 PharS.
1099 4091 1371 4153 V11128.
1635 4096 1696 4167 2)
1740 4093 1942 4153 Phars.
1983 4092 2198 4153 Xzss.

755 4189 815 4261 3)
942 4229 972 4263 ‚
1096 4187 1154 4246 x
1179 4210 1194 4246 ι
1219 4191 1316 4247 45.
1634 4188 1704 4267 4)
1824 4232 1862 4262 ‚,
1992 4188 2129 4248 vm
2150 4206 2166 4246 ε
2190 4192 2323 4247 823.

756 4283 825 4361 5)
951 4325 991 4357 „
1117 4283 1396 4344 Navoa.
1640 4283 1709 4363 6)
1830 4325 1869 4357 ι,
1996 4282 2349 4362 V111=2153
2388 4282 2643 4346 11:726.
