3434 5159
1512 329 1603 397 45

417 552 1053 644 praestantissimus
1114 571 1242 619 sua
1286 549 1566 639 propria
1611 548 1947 618 brevitate
1993 553 2094 620 sic
2140 555 2489 642 exposuit,
2540 554 2692 625 loco

421 660 837 728 clarissimo:
899 655 1085 742 „Sed
1150 656 1325 723 mihi
1388 654 1559 722 haec
1621 660 1690 722 et
1743 655 1907 723 talia
1955 657 2264 726 audienti
2310 660 2384 726 in
2432 660 2697 728 incerto

419 764 760 833 iudicium
825 767 962 848 est,
1010 760 1242 829 fatone
1287 780 1400 827 res
1447 760 1848 828 mortalium
1895 767 1961 829 et
2003 765 2434 854 ‘necessitate‘
2464 766 2701 834 inmu-

418 869 617 937 tabili
635 921 653 953 ,
705 887 797 935 an
828 866 1002 934 forte
1033 865 1416 934 volvantur.
1467 864 1741 953 Quippe
1772 867 2319 962 sapientiss1mos
2351 875 2659 939 veterum
2682 925 2699 957 ‚

421 975 682 1063 quique
750 976 972 1040 sectas
1042 990 1286 1038 eorum
1358 970 1829 1056 aemulantur,
1897 971 2202 1041 diversos
2256 976 2559 1064 reperies
2622 996 2703 1043 ac

420 1077 661 1147 multis
707 1078 988 1145 insitam
1038 1071 1478 1163 opinionem,
1534 1094 1678 1142 non
1724 1076 1924 1143 initia
1970 1079 2221 1164 nostri,
2272 1099 2417 1147 non
2450 1079 2699 1159 finem,

420 1205 566 1252 non
627 1182 930 1270 denique
993 1181 1313 1248 homiues
1360 1179 1467 1247 dis
1515 1200 1761 1248 curae:
1811 1182 1967 1250 ideo
2017 1183 2434 1253 creberrime
2479 1186 2702 1254 tristia

421 1292 495 1358 in
559 1289 814 1373 bonOS,
861 1286 1044 1354 laeta
1091 1273 1276 1374 apud
1324 1284 1698 1354 deteriores
1748 1306 1916 1355 esse.
2015 1287 2271 1357 Contra
2319 1290 2435 1357 alii
2480 1292 2699 1360 fatum

420 1393 706 1484 quidem
767 1393 1094 1481 ingruere
1149 1389 1361 1496 rebus
1423 1395 1699 1479 putant,
1766 1392 1889 1460 sed
1936 1413 2079 1461 non
2127 1416 2165 1462 e
2215 1396 2406 1485 vagis
2452 1396 2696 1482 stelliS‚

422 1520 667 1568 verum
715 1496 899 1586 apud
945 1485 1300 1585 principia
1339 1500 1405 1563 et
1451 1516 1673 1564 nexus
1719 1499 2144 1568 naturalium
2186 1520 2572 1569 causarum.
2579 1502 2618 1530 '⁹
2650 1504 2698 1586 ¹)

513 1604 601 1672 Et
665 1608 867 1692 poeta
926 1602 1070 1670 fere
1132 1600 1442 1688 aequalis
1501 1600 1656 1669 illas
1716 1602 1893 1702 duas
1955 1606 2334 1673 sententias
2397 1607 2579 1694 inter
2630 1627 2703 1673 se

423 1705 896 1797 discrepantes
942 1708 1042 1774 sic
1089 1699 1458 1795 expressit:

601 1811 824 1899 „Sunt
869 1809 945 1879 in
990 1811 1308 1880 fortunae
1356 1811 1477 1900 qui
1524 1811 1800 1880 casibus
1846 1815 2083 1883 omnia
2128 1823 2396 1904 ponant

605 1924 673 1986 et
718 1917 910 1986 nullo
953 1914 1244 1986 ⁴credant
1290 1916 1634 1985 mundum
1682 1923 1949 1986 rectore
1997 1923 2258 1989 moveri

607 2029 854 2091 natura
900 2022 1217 2089 volvente
1264 2023 1449 2090 vices
1497 2027 1564 2089 et
1609 2022 1787 2090 lucis
1834 2011 1915 2091 et
1949 2027 2150 2112 anni,

605 2133 818 2216 atque
864 2127 1020 2195 ideo
1066 2125 1395 2215 intrepidi
1442 2146 1925 2246 quaecumque
1972 2131 2213 2199 altaria
2257 2137 2574 2222 tangunt.

605 2239 710 2301 est
754 2232 931 2301 alius
976 2225 1332 2318 metuenS‚
1380 2252 1471 2299 ne
1519 2233 1784 2300 crimen
1833 2254 2060 2322 poena
2104 2243 2468 2325 sequatur3

606 2338 720 2406 hic
765 2342 962 2426 putat
1009 2356 1159 2404 esse
1206 2336 1371 2430 deos
1418 2342 1486 2404 et
1530 2338 1796 2425 peierat
1841 2344 1970 2407 etc.
2001 2339 2061 2430 2)

512 2442 771 2511 Mirum
831 2448 1065 2511 autem
1128 2447 1265 2524 est,
1329 2423 1404 2510 ut
1475 2448 1678 2530 poeta
1740 2429 1975 2511 noster
2033 2445 2175 2512 fere
2237 2447 2405 2536 ipsis
2469 2449 2696 2516 verbis
2728 2461 2917 2554 gagganus
2939 2469 3114 2554 ³323&

426 2568 589 2617 cum
651 2548 872 2616 Taciti
931 2546 1276 2615 sententia
1338 2548 1739 2633 conveniat,
1790 2568 1928 2636 qua
1973 2569 2049 2616 re
2096 2550 2270 2617 nihil
2318 2552 2704 2622 evidentius

426 2653 890 2736 demonstrat,
943 2645 1106 2719 eum
1155 2651 1601 2740 opinionibus
1647 2653 1756 2754 sui
1793 2655 2119 2752 temporis
2148 2656 2499 2725 imbutum
2533 2678 2702 2725 esse.

427 2758 608 2826 Nam
654 2758 1021 2825 scientiam
1067 2749 1459 2825 futurarum
1506 2747 1777 2845 rerum,
1827 2779 1964 2846 qua
2009 2765 2243 2828 tantae
2278 2747 2705 2830 calamitates

428 2862 765 2931 Romanis
832 2853 1464 2951 portendebantur,
1538 2849 1966 2950 exsecratus,
2039 2866 2138 2932 sic
2207 2872 2411 2954 poeta
2470 2867 2700 2935 Iovem

426 2967 763 3036 allocutus
809 2966 1315 3035 dubitationem
1362 2961 1575 3035 suam¹
1610 2968 1965 3055 exprimit:

515 3071 720 3158 „Sive
765 3092 1020 3161 parens
1066 3089 1338 3148 rerum,
1389 3092 1552 3140 cum
1599 3073 1908 3160 primum
1957 3074 2281 3143 informia
2327 3095 2542 3165 regna

516 3178 1016 3266 materiemque
1061 3175 1345 3261 rudem,
1394 3175 1678 3244 flamma
1726 3177 2049 3264 cedente,
2099 3182 2360 3268 recepit

518 3280 665 3349 fixit
711 3282 786 3350 in
833 3288 1199 3350 aeternum
1247 3301 1490 3349 causas
1509 3334 1527 3362 ,
1575 3300 1716 3370 qua
1763 3288 2014 3351 cuncta
2060 3292 2330 3359 coercet

514 3407 589 3455 se
634 3406 911 3475 quoque
955 3386 1107 3476 lege
1153 3391 1434 3472 tenens,
1484 3391 1553 3454 et
1599 3387 1877 3455 saecula
1922 3388 2110 3457 iussa
2157 3389 2495 3458 ferentem

518 3492 816 3561 fatorum
861 3493 1127 3561 inmoto
1175 3491 1407 3559 divisit
1436 3490 1696 3577 ,limine
1743 3493 2126 3577 mundum:

519 3598 664 3665 sive
710 3597 886 3667 nihil
932 3598 1237 3687 positum
1286 3601 1423 3682 est,
1475 3596 1597 3665 sed
1644 3597 1815 3666 Fors
1862 3599 2127 3669 incerta
2174 3608 2461 3692 vagatur

516 3702 785 3791 fertque
830 3702 1179 3791 refertque
1226 3704 1448 3789 vices,
1498 3707 1565 3769 et
1610 3700 1822 3772 habet
1866 3706 2185 3775 mortalia
2232 3728 2465 3777 casus:

516 3809 603 3876 sit
650 3808 996 3893 subitum,
1047 3808 1537 3897 quodcumque
1582 3827 1809 3896 paras.
1842 3810 1900 3898 3)

520 3913 608 3980 Et
677 3912 844 3980 alibi
905 3912 980 3981 P.
1045 3912 1321 4002 Nigidio
1380 3913 1660 4003 Figu10,
1732 3915 2071 4006 astrologo
2134 3918 2549 4002 clarissimo,
2622 3918 2708 3985 de

430 4017 799 4107 prodigiiS,
848 4018 1017 4107 quid
1059 4017 1565 4107 significarent,
1601 4021 1952 4106 consultO,
1987 4022 2158 4090 haec
2195 4023 2399 4092 verba
2429 4024 2704 4091 tribuit:

514 4265 571 4336 1)
612 4259 701 4321 Of.
743 4261 927 4323 Tacit.
969 4262 1182 4325 Annal.
1220 4264 1462 4323 V1:22.
1706 4269 1766 4339 2)
1809 4267 2004 4329 Iuven.
2047 4267 2169 4329 Sat.
2210 4270 2512 4330 xmzse.

512 4357 575 4432 3)
617 4358 818 4419 Phars.
860 4358 1199 4419 11:7—14.
