3434 5159
1800 325 1893 400 42

707 549 933 621 nullas
996 555 1225 641 partes
1287 550 1428 642 agit
1461 548 1556 639 ¹),
1614 550 1711 618 ita
1769 552 1850 619 ut
1902 545 2349 618 manifestum
2396 547 2487 616 sit
2529 552 2747 616 totam
2792 546 2986 618 illam

707 658 1177 727 narrationem
1194 709 1213 743 ,
1284 675 1429 724 non
1496 655 1681 744 quod
1749 674 1863 723 res
1930 674 2006 723 se
2075 653 2375 741 obserat,
2446 653 2568 724 sed
2637 653 2791 722 sine
2844 653 2992 724 ulla

707 762 1117 832 necessitate
1162 762 1498 831 insertam
1545 780 1715 830 esse.
1764 759 2010 830 Lector
2056 766 2294 832 autem
2339 760 2700 830 Romanus
2715 808 2738 846 ,
2777 757 2988 828 rebus

707 867 1014 939 mirificis
1089 867 1399 938 intentus
1423 918 1440 952 ,
1534 872 1603 935 et
1679 864 2178 944 miraculorum
2257 864 2500 934 avidus
2523 917 2543 953 ,
2635 882 2989 934 summam

709 973 1130 1062 voluptatem
1179 978 1246 1042 et
1291 972 1824 1042 delectationem
1870 991 1909 1040 e
1940 970 2193 1061 pavida
2222 969 2693 1056 simulatione,
2733 967 2988 1039 deinde

709 1098 748 1145 e
808 1078 1045 1156 divina
1106 1079 1360 1150 mentis
1414 1078 1821 1147 incitatione
1867 1082 1936 1146 et
1981 1076 2471 1145 vaticinatione
2518 1073 2818 1163 Sibyllae
2835 1125 2854 1160 ,
2907 1092 2992 1141 ex

710 1182 877 1251 diris
933 1183 1278 1271 mysteriis
1323 1182 1767 1251 Erichthonis
1813 1186 1881 1251 et
1926 1181 2333 1252 resuscitato
2381 1179 2715 1252 cadavere
2760 1178 2987 1267 perci·

708 1287 939 1377 piebat
964 1340 982 1374 ‚
1061 1307 1241 1377 quae
1316 1289 1555 1358 omnia
1629 1287 1832 1358 nobis
1901 1286 2116 1360 nimis
2181 1284 2552 1363 artificiosa
2623 1303 2754 1353 nec
2821 1281 2989 1352 satis

711 1392 1111 1461 verisimilia
1156 1393 1498 1468 videntur.
1593 1392 1680 1461 Et
1733 1393 1808 1462 in
1854 1391 2088 1461 locum
2135 1391 2375 1460 Martis
2393 1444 2410 1478 ,
2458 1395 2580 1466 aut
2616 1388 2993 1460 fluminum

713 1497 898 1586 apud
967 1497 1350 1568 Homerum
1423 1519 1585 1568 cum
1643 1497 2044 1568 hominibus
2089 1497 2550 1586 pugnantium
2571 1548 2589 1581 ,
2638 1492 2995 1564 substituit

715 1603 1030 1672 homines
1091 1603 1430 1674 miracula
1489 1603 1912 1675 fortitudinis
1973 1601 2409 1692 perficientes
2427 1654 2445 1687 ,
2511 1604 2589 1670 ut
2636 1598 2992 1668 Vulteium

712 1713 781 1776 et
826 1705 1159 1776 Scaevam
1205 1714 1273 1778 et
1318 1708 1472 1778 illos
1518 1707 1985 1781 Massilienses
2002 1761 2019 1795 ,
2068 1727 2244 1798 quos
2290 1711 2495 1797 poeta
2538 1705 2682 1775 fere
2720 1703 2986 1774 ludicro

715 1812 922 1881 modo
968 1814 1347 1884 morientes
1391 1814 1722 1903 depingit.
1756 1813 1815 1902 2)

802 1918 1066 1987 Eodem
1115 1919 1436 2002 consili0‚
1487 1925 1566 1989 ut
1609 1918 1821 1988 rebus
1867 1915 2180 1987 mirificis
2228 1916 2559 1985 lectorem
2592 1912 2991 1998 delectaret,

713 2042 831 2090 eas
894 2023 1163 2093 fabulas
1219 2024 1426 2094 modo
1474 2029 2084 2111 commemoratas,
2135 2023 2222 2092 de
2269 2021 2593 2106 Medusa,
2642 2019 2729 2087 de
2774 2023 2993 2087 certa-

716 2128 907 2195 mine
984 2127 1236 2197 Antaei
1314 2136 1383 2198 et
1457 2129 1777 2199 Herculis
1854 2129 2161 2218 aliasque
2251 2126 2608 2196 induxisse
2701 2122 2990 2192 videtur.

718 2229 919 2311 Quod
981 2233 1191 2302 etiam
1255 2241 1665 2325 argumento
1725 2254 1873 2304 esse
1920 2240 2144 2323 potest
2189 2238 2465 2322 poetam
2512 2230 2745 2319 ipsum
2789 2226 2994 2296 intel-

715 2336 963 2405 lexisse
1001 2337 1177 2407 illud
1207 2360 1467 2410 novum
1499 2341 1728 2431 poesis
1759 2360 1980 2430 genus
2010 2337 2419 2408 historicum
2450 2334 2756 2423 quodam
2786 2332 2994 2401 modo

716 2441 1047 2531 frigidum
1092 2448 1162 2511 et
1208 2446 1478 2516 nudum
1525 2445 1710 2529 fieri,
1762 2446 1820 2514 si
1867 2441 2044 2513 nihil
2090 2443 2225 2511 nisi
2270 2462 2383 2513 res
2430 2444 2673 2531 gestas·
2694 2444 2993 2507 caneret.

803 2545 1045 2635 Neque
1079 2555 1321 2637 poetae
1353 2549 1552 2620 facile
1584 2556 1732 2619 erat
1748 2602 1765 2635 ‚
1802 2549 1949 2617 deis
1981 2549 2069 2617 ab
2103 2547 2406 2636 antiquis
2436 2545 2657 2635 poetis
2690 2542 2992 2629 traditis,

714 2651 882 2738 ipsis
943 2652 1603 2738 intervenientibuS,
1661 2654 2036 2742 omniaque
2083 2651 2481 2741 agentibuS,
2531 2647 2869 2738 expulsis,
2917 2648 2994 2714 in

714 2756 924 2826 rebus
992 2777 1072 2824 ex
1082 2757 1421 2845 ponendis
1492 2777 1776 2826 causam
1838 2762 2089 2830 cuncta
2152 2759 2548 2824 moventem
2610 2752 2993 2841 designare.

807 2860 1035 2940 Quam
1081 2881 1230 2929 rem
1278 2882 1417 2950 quo
1464 2862 1670 2932 modo
1717 2862 2045 2932 Lucanus
2091 2860 2443 2949 expediat,
2496 2856 2839 2949 capitibus
2885 2855 2995 2924 se·

716 2965 1092 3054 quentibus
1118 2967 1645 3058 'indagabimus

800 3257 858 3329 1)
898 3255 1047 3314 Erat
1105 3254 1301 3314 consul
1364 3270 1515 3313 anno
1579 3256 1655 3311 54
1716 3257 1776 3311 et
1830 3249 2163 3309 Pharsalico
2216 3248 2367 3307 bello
2421 3246 2675 3307 Achaiae
2727 3247 2999 3319 praeerat

717 3349 788 3409 cf.
830 3352 955 3409 Val.
998 3350 1152 3409 Max.
1196 3350 1329 3409 128
1355 3368 1372 3408 ε
1400 3356 1489 3408 10.
2079 3360 2090 3370 ·

798 3447 860 3522 2)
901 3446 989 3504 De
1045 3446 1271 3505 Vulteio
1325 3443 1399 3502 cf.
1455 3444 1944 3515 1V2474-5793
2000 3440 2073 3501 de
2127 3440 2344 3499 Scaeva
2385 3436 2458 3497 cf.
2500 3437 2994 3505 V12140-2623

718 3542 791 3599 de
829 3540 1288 3600 Massiliensibus
1330 3538 1401 3599 cf.
1444 3539 1567 3597 111:
1593 3541 1928 3598 567-751.
2103 3544 2108 3550 ’
