3434 5159
1530 358 1620 427 73

433 582 676 651 valeat.
769 582 858 651 Ut
920 582 1052 650 hoc
1115 581 1600 670 expediamus,
1665 600 1803 669 qua
1856 579 2124 648 ratione
2172 578 2456 647 tandem
2504 583 2707 667 poeta

434 688 651 756 fatum
723 692 789 754 et
858 686 1206 755 fortunam
1278 687 1461 754 inter
1527 706 1601 754 se
1674 686 2040 754 cohaerere
2106 683 2416 769 finxerit,
2489 683 2716 772 primo

435 791 969 880 inquirendum,
1019 791 1244 880 qualis
1289 790 1566 860 fortuna
1612 790 1687 857 in
1735 788 2089 858 Pharsalia
2140 793 2488 877 appareat.

526 896 673 964 Iam
737 916 777 964 a
839 896 1084 985 primis
1132 895 1425 964 saeculis
1472 895 1779 964 Fortuna
1827 900 1903 963 ut
1949 894 2079 962 dea
2126 913 2167 962 a
2211 893 2549 961 Romanis
2597 913 2712 961 co·
2741 920 2929 960 romana
2957 920 3128 961 acano-

436 1001 708 1070 lebatur
769 1007 837 1069 et
899 1001 1350 1087 adorabatur,
1412 1001 1511 1068 ita
1575 1006 1653 1068 ut
1711 1002 1895 1081 Τύχη
1943 1019 1984 1067 a
2041 998 2343 1067 Graecis.
2439 997 2719 1067 Servius
2745 984 2879 1014 ''m“

437 1106 734 1190 Tullius,
812 1108 931 1195 qui
1001 1105 1184 1175 filius
1254 1126 1492 1174 servae
1562 1106 1819 1174 auxilio
1889 1105 2206 1173 fortunae
2276 1103 2364 1171 ad
2424 1123 2720 1193 regnum

439 1213 834 1300 pervenisse
899 1211 1288 1295 videbatur,
1351 1210 1620 1298 primus
1680 1211 1757 1278 in
1814 1208 2050 1278 Monte
2111 1207 2498 1297 Capitolino
2545 1214 2721 1276 tem-

440 1317 634 1405 plum
661 1316 1008 1384 Fortunae
1034 1316 1450 1384 exstruxisse
1483 1314 1757 1401 dicitur,
1795 1313 2210 1404 cognomine
2234 1313 2721 1401 Primigeniae,

442 1420 626 1507 quod
688 1420 957 1488 homini
1007 1421 1259 1509 cuique
1305 1421 1537 1489 statim
1588 1421 1675 1489 ab
1724 1424 1880 1488 ortu
1927 1438 2128 1488 suam
2174 1417 2526 1486 fortunam
2576 1419 2722 1487 sive

442 1524 977 1593 destinationem
1024 1525 1158 1593 det.
2029 1514 2035 1519 ⁴

531 1628 681 1695 Iam
742 1648 826 1696 ex
886 1628 1020 1696 hoc
1081 1631 1493 1718 cognomine
1558 1628 2069 1718 quodammodo
2131 1633 2354 1718 patet,
2403 1627 2722 1697 homines
2749 1653 2949 1694 nomino.
2997 1653 3104 1693 inter

445 1752 587 1799 non
649 1753 924 1822 semper
984 1733 1378 1801 distinxisse
1438 1735 1622 1801 inter
1683 1734 2003 1801 notiones
2064 1733 2181 1800 fati
2246 1738 2315 1800 et
2367 1705 3131 1820 fo1tunae,¹1'1⁸‡1¹1¹3mn022‘.gr‘}f1i¹}}

447 1858 611 1905 nam
661 1842 889 1905 certa
933 1837 1245 1924 fortuna,
1293 1839 1686 1928 unicuique·
1713 1839 1801 1907 ab
1836 1843 1990 1906 ortu
2023 1837 2314 1917 tributa,
2350 1857 2487 1925 quo
2520 1837 2724 1906 modo
2752 1810 3022 1861 ⁶¹⁸²¹¹¹⁸¹¹¹²¹¹‘'

449 1961 489 2009 a
536 1942 674 2010 fato
722 1941 1026 2027 differat,
1076 1962 1217 2010 non
1266 1943 1362 2010 ita
1408 1943 1588 2011 clare
1636 1949 1935 2032 apparet·
1944 1969 1961 2020 3
1997 1942 2117 2011 sed
2150 1942 2381 2031 aliqua
2415 1962 2500 2008 ex
2530 1947 2725 2029 parte

449 2052 666 2135 patet,
742 2066 866 2116 cur
932 2047 1064 2114 hae
1126 2048 1444 2115 notiones
1507 2047 1834 2116 confusae
1896 2048 2055 2116 sint.
2149 2046 2374 2114 Homo
2444 2047 2726 2135 ignarus

451 2152 678 2238 enim,
738 2151 905 2239 quid
953 2152 1195 2240 quovis
1241 2158 1501 2241 puncto
1548 2153 1880 2241 temporis
1927 2153 1989 2219 ei
2038 2151 2351 2220 accidere
2396 2152 2613 2239 possit
2660 2158 2724 2219 et

446 2256 850 2342 immineat,
915 2261 1114 2344 quasi
1170 2257 1246 2324 in
1308 2262 1545 2326 monte
1591 2256 1911 2325 flammas
1959 2262 2321 2325 evomente
2366 2255 2724 2341 habitans,

448 2361 652 2450 vulgo
716 2360 1022 2449 aliquam
1085 2362 1225 2428 vim
1291 2362 1632 2432 occultam
1697 2368 1766 2429 et
1823 2360 2428 2450 supranaturalem
2449 2413 2465 2446 ‚
2528 2382 2726 2429 suam

447 2456 658 2533 vitam
708 2471 775 2534 et
821 2467 1058 2534 omnia
1103 2466 1414 2536 humana
1459 2473 1850 2556 regentem,
1900 2467 2280 2551 desiderat,
2329 2486 2540 2555 quam
2587 2466 2725 2532 vim

446 2569 664 2638 fatum
728 2576 847 2639 aut
900 2570 1247 2639 fortunam
1299 2572 1617 2661 appellat.
1711 2572 2157 2661 Quamquam
2202 2571 2361 2639 illae
2407 2572 2728 2638 notiones

447 2676 594 2761 ipsa
658 2676 760 2742 rei
818 2681 1066 2744 natura
1113 2696 1395 2765 prorsus
1441 2678 1624 2745 inter
1668 2698 1743 2745 se
1792 2679 2146 2767 oppositae
2193 2680 2394 2762 sunt,
2447 2675 2729 2744 effectus

448 2784 683 2846 tamen
745 2780 1150 2849 hominibus
1210 2781 1608 2870 vulgaribus
1670 2783 1933 2850 similes
1996 2782 2413 2850 videbantur
2436 2834 2453 2866 ,
2514 2781 2609 2847 ita
2654 2785 2731 2848 ut

448 2884 522 2951 in
590 2905 718 2952 usu
766 2885 1168 2973 quotidiano
1217 2887 1550 2955 vocabula
1596 2907 1821 2976 paene
1881 2887 2381 2969 coalescerent,
2436 2890 2729 2973 utroque

449 3007 574 3077 pro
637 2988 866 3057 futuro
929 2990 1164 3079 ignoto
1225 2997 1345 3058 aut
1410 3011 1615 3060 caeca
1677 2993 1746 3058 vi
1808 2991 2211 3058 dominante
2269 2989 2612 3074 adhibito,
2663 2994 2731 3055 et

450 3093 768 3162 homines
816 3095 967 3162 sine
1016 3114 1268 3185 magno
1317 3101 1437 3164 aut
1482 3096 1623 3164 ullo
1670 3095 2071 3165 discrimine
2120 3096 2206 3162 de
2252 3114 2377 3163 suo
2433 3094 2570 3161 fato
2613 3098 2732 3161 aut

452 3197 538 3265 de
600 3218 727 3266 sua
788 3199 1065 3267 fortuna
1132 3203 1433 3288 agerent.
1512 3199 1648 3268 Sed
1695 3201 1848 3268 sine
1895 3200 2108 3269 dubio
2156 3199 2464 3268 Fortuna
2510 3198 2732 3287 magis

456 3307 534 3371 ut
599 3302 730 3370 dea
797 3304 1217 3392 personalis,
1288 3304 1507 3373 fatum
1571 3310 1649 3374 ut
1710 3305 1814 3372 vis
1879 3304 2362 3393 impersonalis
2426 3323 2466 3370 a
2529 3303 2732 3392 vulgo

455 3404 865 3495 fingebatur.

545 3510 853 3580 Fortuna
914 3518 1146 3581 autem
1212 3514 1343 3582 dea
1399 3514 1907 3583 inconstantiae
1970 3512 2385 3599 habebatur,
2453 3519 2527 3581 ut
2588 3514 2729 3579 iam
2757 3544 2936 3584 ronam
2990 3541 3112 3593 vuugo

458 3615 729 3702 CicerO,
792 3637 1055 3711 negans
1118 3639 1191 3686 se
1252 3619 1463 3705 scire,
1529 3638 1705 3706 quae
1762 3618 2085 3685 divinitas
2131 3619 2205 3684 in
2253 3618 2400 3685 deis
2425 3672 2440 3703 ,
2492 3618 2730 3706 quales
2757 3596 2834 3637 ‘¹⁰⁸
2860 3606 2992 3637 ⁰³⁸⁰*

459 3718 845 3790 Concordia
911 3727 978 3790 et
1026 3722 1298 3807 HonOS,
1361 3723 1562 3808 insit,
1610 3723 1719 3790 his
1767 3722 1996 3791 verbis
2041 3727 2367 3790 testatur:
2417 3722 2615 3808 „Quo
2662 3722 2733 3788 in

458 3845 709 3913 genere
744 3825 849 3893 vel
884 3826 1184 3894 maxime
1217 3833 1321 3895 est
1351 3827 1658 3896 Fortuna
1691 3826 2245 3912 adnumeranda,
2279 3846 2492 3915 quam
2524 3846 2732 3893 nemo

462 3929 548 3997 ab
610 3930 1078 3999 inconstantia
1133 3937 1201 3999 et
1245 3932 1633 4000 temeritate
1680 3932 2016 4020 seiungit,
2068 3951 2245 4019 quae
2293 3931 2503 4020 digna
2550 3935 2733 3997 certe

462 4054 606 4101 non
664 4040 828 4103 sunt
874 4036 1070 4104 de0.''
1099 4036 1155 4126 1)
1251 4035 1518 4105 Plinius
1565 4034 1789 4104 Maior
1834 4056 2110 4125 quoque
2158 4035 2458 4104 dilucide
2504 4040 2734 4101 osten-

462 4137 597 4224 dit,
647 4159 785 4227 quo
832 4140 1038 4208 modo
1084 4140 1405 4208 homines
1456 4140 1840 4209 Fortunam
1873 4140 2006 4209 sibi
2037 4138 2595 4220 informaverint,
2631 4136 2738 4204 his

546 4371 601 4438 1)
646 4363 763 4425 Cic.
805 4364 879 4424 de
917 4363 1053 4424 Nat.
1095 4364 1269 4424 Deor.
1311 4363 1437 4423 111:
1464 4365 1581 4422 24:
1615 4366 1710 4422 61.
