3434 5159
484 1389 597 1448 Via
648 1395 732 1448 est
768 1389 1060 1465 perfecta,
1116 1406 1248 1448 mox
1303 1388 1493 1447 aderit
1546 1389 1645 1447 ille
1697 1388 1852 1464 dies,
1895 1406 2006 1465 quo
2046 1388 2274 1446 demum
2314 1388 2459 1444 cives
2499 1386 2653 1445 Aca-

392 1537 610 1596 demiae
626 1581 642 1614 ,
685 1543 747 1595 ut
784 1536 973 1596 verbis
1013 1537 1335 1595 clarissimi
1374 1535 1625 1595 hominis
1665 1541 1807 1594 utar
1821 1580 1837 1605 ,
1880 1511 1980 1593 sui
2015 1535 2174 1592 iuris
2214 1534 2368 1607 fiunt
2384 1538 2411 1591 l

473 1683 631 1741 Mihi
681 1684 834 1742 illud
888 1684 1148 1760 spatium
1202 1685 1478 1759 temporis
1519 1684 1867 1759 praeteriti,
1920 1701 2032 1760 quo
2070 1684 2137 1752 in
2163 1681 2493 1741 Academia
2531 1699 2655 1739 ver-

395 1835 560 1887 satus
600 1846 731 1887 sum
750 1873 766 1906 ,
805 1830 1082 1889 memoria
1122 1830 1401 1905 repetenti
1438 1828 1593 1887 subit
1633 1830 1699 1887 in
1738 1835 1978 1887 mentem
2016 1829 2314 1904 imprimis
2352 1827 2460 1885 illa
2500 1826 2656 1884 bene-

393 1975 641 2033 volentia
690 1981 743 2034 et
797 1975 1051 2034 eruditio
1102 1975 1572 2034 clarissimorum
1626 1973 1952 2050 hominum,
1999 1992 2118 2051 qua
2154 1991 2262 2050 per
2300 1974 2432 2032 illos
2472 1991 2657 2032 annos

398 2121 536 2197 frui
571 2121 720 2180 mihi
758 2123 1019 2199 contiyit.

480 2268 715 2345 Semper
768 2268 1027 2346 qaudebo
1087 2267 1242 2345 quod
1297 2268 1521 2343 primis
1575 2266 1772 2343 {annis
1831 2267 1952 2324 tuis
2003 2265 2334 2324 lectionibus
2386 2266 2660 2324 interesse

392 2419 590 2495 potui,
648 2405 1005 2476 clarissime
1033 2415 1085 2475 Ο
1102 2436 1140 2494 p
1156 2437 1188 2475 z
1203 2435 1238 2475 ο
1253 2435 1288 2475 ο
1302 2435 1360 2474 m
1376 2435 1453 2475 er
1469 2459 1485 2492 ,
1539 2422 1660 2473 tam
1710 2417 1922 2474 multos
1975 2432 2159 2473 annos
2194 2415 2389 2491 qloria
2427 2421 2661 2472 nostrae

402 2564 766 2624 Academiae.
853 2564 983 2623 Tua
1051 2564 1319 2622 doctrina
1379 2569 1430 2621 et
1490 2569 1557 2621 tu
1616 2563 1742 2638 ipse
1800 2562 2051 2635 firmiter
2111 2562 2176 2618 in
2235 2560 2659 2636 discipulorum

393 2711 674 2768 memoria
713 2727 935 2786 semper
973 2683 1251 2768 haerebis.

481 2851 615 2912 Tibi
650 2829 875 2931 autem,
915 2854 1241 2912 clarissime
1282 2832 1424 2913 vali
1466 2837 1961 2922 Herwerilen,
2004 2855 2256 2929 optimas
2291 2858 2343 2911 et
2368 2853 2659 2911 maximas

392 3000 627 3075 qratias
666 3016 776 3078 ayo
815 3006 950 3058 tuae
988 2999 1339 3059 eruditionis
1352 3042 1370 3076 ‚
1408 3017 1527 3076 qua
1566 3005 1633 3057 tu
1671 3000 1845 3076 quasi
1883 3000 2075 3076 ipsam
2117 3001 2376 3057 animam
2416 2999 2655 3075 linquae

356 3155 363 3162 ·
407 3143 660 3203 Graecae
696 3144 1009 3221 discipulis
1049 3144 1277 3203 tradas.
1358 3143 1696 3220 Numquam
1734 3144 2040 3204 obliviscar
2056 3188 2072 3221 ,
2112 3162 2289 3221 quam
2325 3145 2513 3203 multa
2555 3144 2664 3203 tibi

407 3290 651 3350 debeam.

489 3436 622 3495 Tibi
671 3455 922 3516 quoque,
976 3438 1301 3497 clarissime
1352 3437 1677 3516 Wijnne,
1716 3439 1882 3498 valde
1918 3439 2208 3516 obliqatus
2253 3458 2385 3500 sum
2413 3449 2661 3519 propter

403 3585 545 3643 illas
597 3585 887 3661 lectiones,
946 3586 1158 3663 quibus
1210 3604 1437 3645 summa
1489 3588 1751 3646 comitate
1800 3593 1852 3646 et
1890 3588 2116 3666 inteqro
2154 3589 2371 3648 iudicio
2408 3607 2504 3648 res
2545 3590 2662 3649 Ro-

406 3745 616 3786 manas
655 3729 848 3803 factas
886 3728 1038 3787 mihi
1076 3729 1401 3790 tradidisti.
1468 3730 1705 3790 Utinam
1745 3750 1843 3810 eqo
1882 3751 2103 3810 quoque
2129 3735 2321 3794 eadem
2347 3738 2661 3814 aequitate,

410 3876 538 3935 sine
577 3876 676 3934 ira
714 3882 769 3935 et
807 3875 1002 3935 studio
1025 3893 1135 3954 ,res
1174 3876 1464 3936 humanas
1502 3878 1787 3938 iudicem!

497 4022 772 4082 Omnium
806 4025 1127 4083 maximum
1155 4025 1539 4102 privileqium
1575 4043 1799 4104 semper
1836 4025 2071 4103 ducam,
2100 4028 2255 4104 quod
2280 4028 2552 4088 Fortuna
2577 4049 2664 4089 me

404 4173 679 4248 permisit
704 4178 785 4248 te,
806 4172 1130 4231 clarissime
1154 4170 1205 4231 F
1220 4191 1251 4229 r
1266 4190 1304 4230 a
1317 4190 1359 4231 n
1372 4191 1404 4232 c
1420 4173 1460 4230 k
1474 4192 1508 4232 e
1521 4191 1563 4232 n
1577 4216 1594 4251 ,
1611 4180 1943 4250 promotore
1963 4176 2081 4250 uti,
2103 4182 2412 4254 antequam
2430 4197 2666 4239 munere

417 4317 749 4378 Academico
795 4317 1047 4377 abdicas.
1132 4317 1286 4376 Nam
1324 4335 1441 4377 non
1481 4319 1642 4388 modo
1678 4336 1967 4379 summam
2001 4321 2349 4397 voluptatem
2387 4329 2441 4381 et
2477 4328 2669 4385 maxi·

421 4484 542 4526 mos
592 4468 829 4542 fructus
882 4484 910 4525 e
962 4466 1085 4524 tuis
1136 4464 1469 4525 lectionibus
1510 4467 1777 4544 percepi,
1827 4466 2039 4544 quibus
2077 4468 2357 4544 spiritum
2397 4471 2669 4531 intimum
