3434 5159
1759 295 1852 372 54

748 515 1173 607 Caesarque,
1244 518 1426 588 sicut
1492 518 1570 590 fit
1636 520 1711 588 in
1780 522 2263 592 controversiis
2283 576 2300 608 ‚
2368 543 2569 594 suam
2647 544 2932 598 causam

660 623 1111 694 iustissimam
1142 644 1314 692 ‹esse
1346 623 1756 714 praedicans
1779 677 1797 711 ,
1832 625 2051 694 fatum
2084 631 2159 697 ut
2192 627 2532 700 arbitrum
2564 648 2710 700 non
2737 651 2943 701 recu-

662 733 799 816 sat,
867 728 988 797 sed
1040 729 1224 819 ipse,
1290 729 1475 819 apud
1522 728 1777 808 milites
1824 732 2246 816 concionans
2267 786 2285 819 ,
2338 753 2497 803 cum
2545 734 2620 801 in
2667 755 2747 803 eo
2794 742 2940 823 est,

659 839 739 901 ut
783 853 1093 925 pugnam
1141 833 1609 904 Pharsalicam
1656 836 2083 923 committat,
2132 838 2351 908 fatum
2397 839 2705 906 invocat:

753 938 971 1027 „haec
1018 943 1123 1008 est
1166 938 1287 1010 illa
1333 938 1516 1027 dieS,
1564 940 1740 1009 mihi
1786 960 1999 1030 quam
2048 942 2430 1013 Rubiconis
2479 942 2565 1011 ad
2612 944 2836 1025 undas

763 1044 1177 1133 promissam
1226 1043 1521 1111 memini
1618 1093 2080 1113 .....

751 1149 926 1218 haec
969 1148 1144 1218 fato
1192 1168 1401 1238 quae
1452 1153 1666 1218 teste
1712 1151 2048 1242 probet,
2098 1151 2255 1240 quis
2300 1152 2553 1221 iustius
2602 1171 2795 1222 arma

759 1254 1178 1343 sumpserit”
1227 1258 1357 1324 etc.
1391 1252 1448 1342 1)

256 1372 383 1412 Poeta
418 1383 444 1412 a
480 1371 645 1413 notiono
757 1358 860 1426 Ex
929 1359 1256 1429 omnibus
1323 1358 1493 1429 locis
1563 1358 1793 1429 adhuc
1863 1359 2087 1429 allatis
2148 1361 2314 1429 satis
2362 1361 2572 1451 igitur
2617 1367 2948 1451 apparet,

257 1425 332 1464 fati
366 1423 643 1477 philosophica

256 1476 422 1519 recedit.

667 1463 886 1533 fatum
931 1463 1117 1554 apud
1162 1469 1441 1555 poetam
1486 1470 1804 1533 nostrum
1849 1464 2253 1555 saepissime
2301 1465 2377 1534 in
2421 1485 2746 1536 scaenam
2782 1487 2948 1556 pro-

665 1569 847 1656 dire,
896 1588 1179 1658 prorsus
1224 1574 1303 1638 ut
1338 1588 1604 1638 numen
1639 1570 1985 1660 cogitans,
2021 1570 2258 1637 omnia
2289 1568 2679 1660 gubernare
2712 1577 2780 1638 et
2811 1572 2947 1639 im-

663 1672 920 1762 plorari
977 1678 1057 1743 ut
1111 1674 1369 1744 auxilio
1433 1674 1698 1760 veniat,
1776 1673 2080 1763 denique
2141 1673 2306 1742 deos
2371 1673 2767 1764 olympicos
2827 1696 2950 1743 ex-

663 1778 899 1868 pulsos
962 1780 1250 1848 omnino
1307 1797 1805 1869 compensare3
1853 1798 2032 1868 quae
2079 1780 2316 1848 omnia
2362 1779 2528 1852 satis
2576 1800 2617 1848 a
2663 1780 2949 1848 notione

663 1884 785 1951 fati
814 1884 1291 1973 philosophica
1320 1883 1674 1952 recedunt.
1726 1882 1907 1951 Nam
1939 1903 2077 1972 quo
2109 1884 2316 1954 modo
2353 1884 2566 1972 „ordo
2599 1885 2951 1973 seriesque

667 1989 1079 2058 causarum”
1125 1993 1206 2058 ut
1252 1986 1528 2074 Cicero,
1581 1994 1700 2057 aut
1746 2007 2009 2075 „causa
2056 2008 2425 2059 causarum
2444 1990 2505 2076 ,”
2555 1994 2633 2059 ut
2680 1987 2948 2058 Seneca

664 2094 884 2164 fatum
947 2092 1322 2180 definiunt,
1385 2094 1883 2182 consequentia
1947 2113 2031 2161 ex
2092 2095 2244 2182 ipsa
2299 2094 2707 2165 necessitate
2755 2114 2954 2178 aver-

666 2203 845 2286 tere,
911 2218 1048 2288 quo
1111 2199 1317 2266 modo
1381 2199 1565 2292 iusta
1626 2203 1744 2267 aut
1802 2197 2062 2267 iniusta
2108 2197 2327 2266 videri
2375 2199 2719 2289 possunt‘?
2812 2198 2952 2283 Sed

666 2309 871 2393 poeta
917 2303 1353 2390 adolescens,
1405 2302 1787 2393 discipulus
1832 2301 2140 2371 Senecae
2170 2303 2601 2393 philosophi,
2636 2304 2954 2374 doctrina

667 2409 1092 2497 Stoicorum,
1157 2431 1300 2478 non
1355 2408 1665 2478 imbutus
1714 2409 2002 2500 quidem
2023 2458 2041 2494 ,
2087 2413 2158 2477 at
2206 2414 2388 2477 certe
2433 2409 2694 2480 tinctus
2710 2461 2730 2497 ,
2781 2430 2944 2479 cum

668 2516 742 2583 in
791 2516 1098 2585 carmine
1148 2515 1344 2604 epico
1361 2565 1380 2599 ,
1438 2514 1683 2582 altiora
1728 2514 2035 2603 spirante
2057 2566 2074 2600 ,
2127 2513 2432 2602 aliquam
2476 2514 2650 2601 vim,
2702 2521 2957 2586 cuncta

672 2620 1045 2691 ducentem
1064 2674 1082 2709 ,
1128 2640 1241 2688 res
1287 2620 1630 2689 humanas
1678 2619 2154 2706 ordinantem,
2203 2618 2661 2709 hominesque
2710 2640 2961 2710 regen·

674 2731 848 2813 tem,
898 2725 1352 2811 desideraret,
1400 2743 1624 2814 paene
1670 2725 1932 2794 invitus
1964 2744 2045 2792 eo
2079 2723 2419 2794 adductus
2450 2729 2585 2812 est,
2620 2729 2698 2794 ut
2730 2724 2951 2794 fatum

670 2831 1061 2900 Stoicorum
1120 2830 1198 2899 in
1260 2829 1490 2900 locum
1550 2834 1919 2899 vacantem
1970 2829 2264 2899 deorum
2312 2830 2549 2899 omnia
2594 2830 2953 2920 agentium

670 2935 1141 3006 substitueret.

263 3064 408 3103 ratum
448 3073 532 3102 120„
565 3061 649 3102 tm
764 3039 995 3108 Nihilo
1058 3040 1294 3109 minus
1354 3040 1678 3110 Lucanus
1694 3093 1713 3128 ‚
1774 3039 1986 3108 nimis
2034 3044 2353 3108 accurate
2400 3040 2691 3129 singulis
2743 3041 2958 3110 rebus

264 3115 484 3157 dramatico
494 3114 649 3155 adhibi·

264 3173 352 3210 tum
375 3179 423 3209 ae
445 3168 650 3209 inmun·
675 3146 1038 3236 descriptis
1056 3199 1072 3232 ,
1139 3151 1208 3214 et
1265 3166 1502 3215 rerum
1566 3146 1792 3216 causis
1837 3145 2050 3214 nimis
2096 3146 2371 3235 copiose
2422 3146 2754 3234 expositis
2773 3199 2792 3232 ,
2840 3166 2965 3214 vo-

265 3224 493 3275 poetarum.

674 3250 1000 3320 cabulum
1065 3251 1186 3320 fati
1245 3271 1578 3341 persaepe
1649 3250 2039 3320 adhibendo
2061 3304 2081 3338 ‚
2137 3251 2281 3323 vim
2327 3250 2846 3319 ineluctabilem
2895 3256 2968 3319 et

673 3355 1041 3425 obscuram
1087 3356 1238 3441 fati,
1291 3376 1434 3424 non
1480 3358 1646 3425 satis
1693 3356 1875 3424 clare
1923 3355 2125 3424 nobis
2179 3360 2343 3424 ante
2414 3355 2651 3425 oculos
2703 3376 2966 3445 ponere

676 3462 933 3550 potuit,
981 3461 1099 3528 sed
1144 3461 1585 3549 aliquomodo
1632 3463 1912 3552 saepius
1955 3461 2216 3551 aliquid
2254 3459 2605 3529 artificiosi
2638 3467 2707 3530 et
2736 3461 2969 3551 frigidi

677 3567 753 3633 in
816 3566 1211 3633 narratione
1277 3567 1480 3635 inest.
1540 3605 1629 3617 —
1692 3566 1776 3635 In
1842 3566 2114 3654 fabula,
2163 3586 2222 3634 e.
2269 3588 2333 3656 g.
2383 3586 2564 3655 quae
2606 3567 2968 3655 „Oedipus

683 3670 875 3737 Rex''
923 3669 1347 3757 inscribitur,
1396 3669 1803 3760 Sophocles,
1854 3691 1936 3740 ea
1980 3672 2052 3739 vi
2099 3691 2305 3740 caeca
2351 3677 2420 3739 et
2457 3672 2695 3740 omnia
2724 3691 2967 3742 secum

678 3775 994 3843 trahente
1041 3774 1317 3863 depicta
1337 3829 1355 3862 ,
1413 3775 1684 3845 animos
1730 3782 2000 3861 nostros
2057 3776 2342 3846 horrore
2390 3778 2730 3863 concutit;
2779 3777 2973 3844 anxii

680 3900 915 3947 rerum
994 3900 1275 3949 cursum
1351 3879 1826 3950 inevitabilem
1898 3883 2277 3971 sequimur,
2361 3881 2580 3949 animi
2647 3881 2972 3969 suspensi

680 3985 1025 4053 occultam
1083 3984 1457 4075 Oedipodis
1506 3986 1847 4076 originem
1894 3987 2233 4077 suspicari
2263 3987 2678 4076 incipimuS,
2714 3983 2971 4073 trepidi

682 4094 750 4157 et
813 4088 1017 4157 fracti
1076 4089 1527 4161 observamus
1547 4144 1565 4178 ‚
1627 4098 1707 4161 ut
1769 4112 1894 4160 rex
1940 4089 2260 4181 optimus'
2288 4089 2541 4160 nobilis
2586 4089 2970 4174 identidem

775 4319 833 4395 1)
874 4317 1081 4381 Phars.
1118 4317 1229 4380 VH
1251 4335 1269 4378 ε
1292 4322 1428 4378 259.
