3434 5159
1578 370 1670 443 57

478 590 935 681 voluntarios,
985 602 1414 687 conatusque
1460 604 1530 667 et
1561 599 2022 689 appetitiones
2044 652 2063 687 ,
2097 619 2270 689 quas
2301 601 2482 681 ὁρμὰς
2515 600 2767 671 Graeci

480 703 761 784 vocant,
841 704 910 767 et
983 700 1093 770 his
1170 708 1670 772 consentaneas
1749 705 2055 774 actiones
2127 706 2229 775 sic
2299 706 2613 785 adhibet,
2692 713 2766 776 ut

479 808 753 871 nosmet
797 804 967 894 ipsi,
1018 807 1137 894 qui
1185 809 1439 878 animis
1486 829 1850 879 movemur
1900 815 1969 878 et
2014 809 2400 880 sensibus.”
2439 809 2492 899 1)

568 906 775 976 Modo
835 931 1021 980 unus
1083 933 1168 980 ex
1230 914 1560 985 omnibus
1619 914 1904 1002 StoiciS,
1975 934 2232 1005 nempe
2296 912 2723 1006 Chrysippus
2744 970 2761 1004 ,

480 1014 962 1100 quaestionem
982 1070 1001 1105 ,
1050 1038 1189 1107 quo
1238 1020 1442 1088 modo
1490 1020 1710 1089 fatum
1759 1041 1921 1091 cum
1969 1019 2288 1089 libertate
2317 1020 2566 1089 morali
2600 1041 2766 1089 con-

482 1116 701 1198 ciliari
746 1121 1003 1209 possit,
1049 1122 1184 1190 sibi
1232 1125 1669 1214 proposuisse
1718 1125 2016 1196 videtur.
2109 1124 2475 1194 Brevitatis
2508 1130 2575 1193 et
2607 1145 2765 1215 per-

480 1222 866 1310 spicuitatis
936 1245 1146 1296 causa
1161 1281 1178 1315 ,
1258 1235 1480 1299 totum
1550 1229 1787 1300 locum
1856 1251 1896 1299 e
1967 1230 2301 1301 Cicerone
2374 1229 2764 1300 afferemus

482 1323 955 1421 „Chrysippus
1002 1351 1167 1402 cum
1214 1339 1284 1401 et
1328 1336 1816 1405 necessitatem
1861 1334 2267 1426 inprobaret
2314 1340 2383 1403 et
2415 1335 2590 1404 nihil
2625 1335 2766 1404 vel-

480 1430 572 1498 let
650 1433 801 1500 sine
879 1438 1288 1527 praepositis
1366 1440 1594 1509 causis
1663 1441 1943 1509 evenire
1970 1494 1989 1529 ,
2069 1459 2439 1510 causarum
2507 1459 2766 1529 genera

481 1531 879 1626 distinguit,
930 1545 1007 1609 ut
1056 1548 1124 1610 et
1172 1545 1655 1613 necessitatem
1709 1544 2028 1634 effugiat,
2079 1550 2148 1613 et
2192 1545 2489 1614 retineat
2520 1544 2763 1614 fatum.

484 1637 871 1713 Causarum
934 1648 1160 1736 enim,
1225 1637 1486 1738 inquit,
1552 1650 1730 1719 aliae
1783 1656 1947 1721 sunt
1992 1650 2338 1741 perfectae
2386 1654 2455 1717 et
2500 1649 2763 1739 princi-

481 1744 707 1833 paleS,
757 1748 933 1818 aliae
980 1752 1388 1824 adiuvantes
1433 1760 1502 1823 et
1545 1756 1926 1845 proximae.
2000 1755 2228 1837 Quam
2277 1753 2367 1823 ob
2418 1773 2570 1823 rem
2603 1773 2769 1824 cum

484 1849 784 1921 dicimus
831 1857 1068 1927 omnia
1114 1857 1254 1927 fata
1299 1857 1452 1928 fieri
1498 1862 1730 1930 causis
1776 1860 2350 1930 antecedentibus
2369 1911 2388 1946 ,
2441 1878 2587 1927 non
2633 1859 2768 1928 hoc

482 1954 791 2046 intellegi
851 1960 1208 2032 volumus:
1275 1966 1505 2034 causis
1566 1966 1889 2056 perfectis
1937 1971 2006 2034 et
2050 1964 2556 2056 principalibus
2576 2017 2595 2050 ,
2644 1965 2767 2033 sed

483 2063 711 2130 causis
757 2065 1249 2139 adiuvantibus
1296 2075 1366 2138 et
1401 2072 1760 2161 proximis,
1823 2071 2065 2161 Itaque
2095 2070 2199 2139 illi
2227 2070 2510 2156 rationi,
2546 2089 2761 2158 quam

483 2165 690 2253 paulo
755 2175 917 2238 ante
981 2173 1322 2263 conclusi,
1387 2176 1489 2244 sic
1550 2177 1887 2246 occurrit:
1952 2177 2014 2245 si
2072 2176 2211 2245 fato
2267 2175 2506 2243 omnia
2552 2173 2761 2263 fiant,

486 2273 685 2359 sequi
744 2273 918 2343 illud
981 2279 1266 2366 quidem
1284 2333 1302 2366 ,
1366 2287 1445 2350 ut
1507 2282 1746 2351 omnia
1811 2282 2038 2351 causis
2096 2280 2268 2349 fiant
2323 2280 2764 2369 antepositis,

482 2394 729 2444 verum
791 2399 935 2448 non
996 2383 1502 2474 principalibus
1566 2387 1794 2456 causis
1856 2393 1926 2455 et
1985 2386 2340 2475 perfectis,
2398 2384 2520 2453 sed
2571 2384 2767 2453 adiu-

489 2481 810 2552 vantibus
858 2491 927 2553 et
971 2490 1326 2576 proximis.
1424 2491 1618 2573 Quae
1665 2494 1726 2560 si
1771 2493 1964 2580 ipsae
2014 2511 2158 2560 non
2204 2495 2370 2560 sunt
2415 2490 2489 2557 in
2532 2495 2768 2557 nostra

480 2591 857 2675 potestate,
922 2612 1064 2661 non
1126 2597 1470 2684 sequitur,
1524 2601 1617 2666 ut
1678 2616 1769 2664 ne
1833 2596 2179 2686 adpetitus
2225 2594 2511 2685 quidem
2557 2595 2647 2662 sit
2690 2596 2766 2663 in

483 2695 719 2759 nostra
778 2700 1137 2784 potestate.
1231 2699 1325 2768 At
1368 2700 1502 2769 hoc
1546 2706 1984 2790 sequeretur,
2050 2701 2111 2770 si
2156 2701 2395 2770 omnia
2439 2699 2767 2789 perfectis

480 2800 549 2861 et
592 2798 1098 2888 principalibus
1147 2807 1374 2874 causis
1422 2804 1573 2875 fieri
1620 2807 2048 2893 diceremuS‚
2098 2812 2177 2876 ut
2224 2825 2387 2876 cum
2433 2824 2556 2874 eae
2601 2824 2767 2873 cau-

476 2918 594 2967 sae
648 2922 793 2971 non
840 2913 1072 2976 essent
1118 2911 1192 2979 in
1240 2917 1477 2980 nostra
1521 2917 1893 3000 potestate,
1945 2932 2036 2980 ne
2081 2912 2199 2980 ille
2246 2910 2531 3000 quidem
2578 2914 2764 2978 esset

478 3004 553 3071 in
600 3014 838 3077 nostra
882 3018 1241 3102 potestate.
1335 3015 1563 3098 Quam
1610 3016 1699 3085 ob
1747 3037 1900 3086 rem
1918 3070 1936 3105 ‚
1987 3018 2108 3106 qui
2153 3017 2253 3085 ita
2291 3015 2513 3084 fatum
2543 3015 2764 3083 intro·

473 3108 774 3200 ducant,
823 3122 902 3184 ut
932 3120 1416 3189 necessitatem
1450 3120 1865 3211 adiungant,
1898 3122 1974 3190 in
2006 3141 2124 3190 eos
2156 3118 2414 3189 valebit
2443 3114 2562 3188 illa
2595 3138 2763 3188 con·

481 3213 730 3305 clusi03
779 3222 901 3309 qui
948 3229 1181 3294 autem
1229 3245 1474 3295 causas
1518 3227 2009 3296 antecedentes
2038 3246 2185 3295 non
2223 3225 2456 3293 dicent
2488 3222 2764 3314 perfec-

479 3322 587 3388 tas
631 3343 862 3414 neque
906 3330 1334 3421 principales
1352 3384 1373 3418 ,
1433 3332 1510 3399 in
1558 3351 1676 3400 eos
1723 3331 1901 3400 nihil
1947 3330 2224 3401 valebit.
2323 3328 2523 3411 Quod
2571 3330 2762 3397 enim

480 3423 801 3500 dicantur
845 3432 1294 3505 adsensiones
1339 3435 1492 3505 fieri
1537 3438 1766 3506 causis
1812 3436 2250 3527 antepositiS,
2295 3434 2368 3503 id
2400 3433 2605 3523 quale
2637 3434 2760 3520 sit,

480 3531 680 3602 facile
751 3557 792 3605 a
861 3559 936 3607 se
999 3540 1331 3630 explicari
1393 3546 1612 3632 putat.
1707 3541 1889 3610 Nam
1952 3558 2381 3631 quamquam
2447 3538 2764 3607 adsensio

481 3659 624 3707 non
670 3643 1083 3730 possit-fieri
1130 3646 1266 3715 nisi
1315 3652 1662 3715 commota
1710 3648 1888 3735 vise,
1939 3654 2203 3736 tamen,
2236 3666 2397 3716 cum
2430 3644 2503 3712 id
2536 3644 2764 3712 visum

479 3747 871 3831 proximam
919 3769 1204 3819 causam
1250 3752 1533 3838 habeat,
1598 3771 1743 3819 non
1788 3751 2282 3843 principalem,
2344 3751 2525 3818 hanc
2554 3749 2763 3817 habet

478 3850 856 3940 rationem,
908 3860 981 3924 ut
1032 3854 1459 3946 Chrysippus
1494 3857 1670 3944 vult,
1707 3878 1919 3946 quam
1953 3857 2220 3927 dudum
2253 3857 2587 3941 diximus,
2620 3874 2765 3923 non

478 4116 649 4176 rebus
689 4116 880 4176 Zaller
918 4116 1006 4174 111
1044 4134 1140 4190 pg.
1187 4121 1301 4176 166
1345 4122 1406 4176 et
1439 4132 1615 4191 porro
1642 4116 1718 4175 D.
1750 4116 1812 4177 G.
1842 4118 2123 4191 Pleyte=
2166 4114 2526 4189 „Praecipua
2549 4115 2767 4188 placita

481 4215 735 4272 veterum
801 4211 1270 4286 philosophorum
1337 4212 1409 4271 de
1465 4211 1766 4272 Libertate
1825 4209 2094 4272 Morali’'.
2162 4215 2335 4271 1839.
2424 4208 2513 4270 cf.
2576 4209 2768 4285 Caput

484 4307 795 4378 Quartum:
837 4305 1017 4366 Stoici
1056 4325 1151 4382 pg.
1195 4310 1268 4366 86
1292 4324 1378 4382 sq.

567 4404 626 4468 1)
667 4400 787 4461 Cic.
828 4401 900 4462 dc
940 4403 1078 4464 Nat.
1118 4403 1294 4464 Deor.
1333 4403 1548 4463 11:22.
