3434 5159
1838 345 1931 417 34

742 574 970 664 „quod
1019 578 1167 643 erat
1198 587 1253 655 ,3
1285 573 1414 643 deo
1447 578 1693 642 natum
1711 626 1729 660 ,
1764 573 2051 642 nomine
2082 573 2301 662 ipsius
2333 574 2445 643 dei
2478 576 3020 665 nuncupabant,

742 686 895 750 tum
957 685 1191 749 autem
1246 700 1357 748 res
1419 681 1602 768 ipsa,
1667 679 1744 745 in
1808 699 1947 767 qua
1992 678 2096 746 vis
2143 680 2325 747 inest
2370 680 2594 748 maior
2640 681 2873 769 aliqua
2922 683 3021 750 sic

745 785 1162 875 appellatur,
1232 790 1310 854 ut
1380 803 1463 852 ea
1528 785 1682 872 ipsa
1749 784 2153 852 nominetur
2221 784 2422 870 deus„
2493 791 2570 853 ut
2641 786 2879 871 Fides,
2949 793 3027 856 ut

619 985 626 990 ⁶
742 891 961 960 Mens,
1012 942 1029 960 .
1081 944 1095 959 .
1146 939 1162 955 .
1213 890 1473 958 Earum
1517 889 1840 957 omnium
1886 908 2119 958 rerum
2167 890 2332 977 quia
2378 889 2481 958 vis
2526 891 2753 959 inerat
2792 898 2985 960 tanta
3003 946 3020 977 ,

742 1002 822 1064 ut
889 997 1040 1064 sine
1112 993 1242 1062 deo
1310 995 1458 1083 regi
1526 998 1669 1061 non
1735 999 2001 1082 posset,
2066 995 2217 1083 ipsa
2263 1014 2373 1062 res
2420 995 2713 1065 deorum
2762 1016 3023 1066 nomen

745 1100 1108 1168 obtinuit.'’
1128 1099 1185 1188 1)
1236 1099 1460 1167 Etiam
1513 1098 1696 1187 apud
1730 1097 2096 1167 Lucanum
2127 1098 2285 1167 talis
2317 1098 2448 1166 dea
2480 1098 2909 1186 Stoicorum,
2942 1122 3028 1170 ex

742 1205 916 1273 ideis
980 1210 1335 1292 assumpta
1353 1257 1371 1289 ,
1436 1203 1825 1272 adhibetur.
1919 1202 2100 1271 Nam
2164 1201 2610 1293 Pompeianis
2658 1211 2724 1274 et
2774 1206 3027 1275 Caesa-

741 1309 958 1377 rianis
1003 1309 1186 1376 inter
1232 1328 1306 1375 se
1353 1307 1735 1375 amicitiam
1783 1307 2316 1377 conciliantibus
2336 1360 2356 1395 ‚
2404 1328 2543 1397 quo
2575 1309 2755 1378 facto
2787 1317 3026 1399 postea

741 1414 995 1482 Petreii
1084 1413 1279 1482 iussu
1357 1411 1475 1481 illa
1549 1412 1943 1481 miserrima
2021 1412 2250 1481 clades
2329 1413 2513 1482 edita
2595 1420 2740 1499 est,
2821 1421 3029 1504 poeta

745 1519 1060 1588 versibus
1105 1517 1378 1586 sonoris
1425 1516 1887 1586 Concordiam
1936 1517 2245 1587 invocat:

966 1621 1217 1709 „Nunc
1264 1622 1462 1709 adeS,
1508 1627 1793 1691 aeterno
1841 1622 2309 1711 complectens
2355 1623 2593 1692 omnia
2638 1643 2826 1693 nexu
2943 1710 2948 1716 p

967 1727 1026 1797 Ο
1074 1747 1310 1798 rerum
1357 1728 1695 1816 mixtique
1741 1728 1927 1797 salus
1946 1780 1963 1815 ‚
2019 1726 2405 1797 Concordia
2420 1781 2437 1815 ,
2487 1730 2736 1797 mundi

970 1838 1038 1901 et
1085 1852 1283 1903 sacer
1328 1832 1515 1901 orbis
1563 1831 1795 1901 amor”
1826 1833 1885 1920 2)

836 1939 923 2006 Et
987 1943 1091 2007 est
1135 1938 1337 2006 valde
1398 1937 1786 2006 notandum
1848 1942 1930 2006 ut
1973 1942 2178 2026 poeta
2231 1937 2395 2006 huic
2441 1937 2649 2024 deae,
2699 1940 3030 2007 notioni

747 2043 1378 2134 philosophicae
1395 2097 1412 2128 ‚
1447 2042 1667 2112 multo
1692 2043 2028 2111 maiorem
2053 2043 2195 2110 vim
2212 2047 2281 2110 et
2296 2044 2679 2131 potentiam
2699 2045 3034 2114 attribuat

748 2168 961 2238 quam
1021 2148 1276 2216 Veneri
1336 2152 1456 2216 aut
1520 2147 1874 2233 Minervae
1894 2202 1911 2233 ‚
1982 2148 2240 2233 obiter,
2310 2154 2389 2216 ut
2448 2166 2661 2236 supra
2735 2148 3032 2217 demon-

748 2254 1152 2338 stravimuS,
1217 2257 1285 2321 et
1337 2253 1572 2321 ieiune
1635 2252 2197 2320 commemoratis
2213 2305 2230 2336 ,
2295 2252 2481 2340 quod
2528 2271 2770 2322 rursus
2818 2273 3031 2343 argu-

750 2364 987 2427 mento
1047 2362 1150 2426 est
1170 2410 1189 2445 ,
1249 2364 1527 2447 poetam
1588 2358 1810 2427 multo
1870 2358 2208 2425 maiorem
2270 2356 2481 2425 fidem
2543 2357 2692 2426 deis
2739 2357 2987 2427 Stoicis
3014 2412 3031 2443 ,

751 2483 962 2551 quam
1012 2461 1391 2552 Olympicis
1438 2462 1719 2532 habere.

840 2568 1070 2636 Etiam
1156 2566 1362 2635 aliam
1446 2567 1673 2636 deam·
1718 2568 1794 2635 in
1864 2566 2254 2654 Pharsalia,
2326 2568 2553 2656 ipsam
2621 2566 3023 2656 loquentem

753 2673 1259 2760 mortalemque
1330 2672 1812 2741 adhortantem
1837 2725 1854 2759 ,
1925 2672 2234 2739 indicare
2304 2671 2660 2741 debemus.
2778 2670 3032 2740 Caesar

753 2780 944 2846 enim
993 2776 1079 2844 ad
1126 2775 1563 2845 Rubiconem
1611 2778 1963 2864 pervenit,
1996 2776 2117 2843 sed
2150 2776 2360 2843 etiam
2399 2781 2545 2844 tum
2578 2775 2816 2844 Italiae
2837 2776 3034 2866 ,limi-

754 2888 897 2950 tem
941 2880 1330 2970 transgredi
1375 2880 1679 2967 dubitat,
1731 2901 1921 2950 cum:

930 2983 1231 3076 „Ingens
1276 2987 1424 3054 visa
1469 2985 1632 3082 duci
1678 2985 1951 3054 Patriae
1997 2986 2406 3075 trepidantis
2457 2986 2688 3076 imago

933 3092 1118 3160 clara
1163 3112 1287 3181 per
1331 3091 1700 3161 obscuram
1767 3092 1959 3162 voltu
2005 3092 2465 3160 maestissima
2510 3098 2789 3160 noctem

932 3197 1272 3286 turrigero
1319 3216 1530 3265 canos
1577 3196 1944 3267 effundens
1988 3197 2244 3265 vertice
2292 3198 2518 3265 crines

935 3303 1236 3370 caesarie
1284 3302 1509 3371 lacera
1527 3354 1544 3388 ,
1594 3302 1941 3391 nudisque
1988 3301 2261 3371 adstare
2307 3302 2615 3389 lacertis,

934 3412 1002 3475 et
1049 3408 1311 3497 gemitu
1357 3408 1700 3496 permixta
1747 3408 1971 3496 loqui:
2022 3426 2159 3496 quo
2204 3407 2487 3476 tenditis
2531 3406 2766 3475 ultra‘?

933 3530 1071 3599 quo
1117 3511 1308 3579 fertis
1354 3531 1511 3579 mea
1559 3512 1758 3602 signa
1775 3564 1794 3598 ‚
1840 3512 2023 3580 viri‘?
2095 3511 2171 3580 Si
2215 3513 2367 3581 iure
2411 3511 2663 3580 venitis

935 3617 995 3684 si
1041 3616 1225 3684 cives
1272 3616 1410 3685 huc
1455 3635 1678 3705 usque
1722 3616 1952 3686 licet.’'
1985 3617 2043 3706 3)

845 3719 982 3788 Sed
1028 3718 1262 3789 Patria
1309 3740 1452 3788 non
1499 3726 1603 3789 est
1649 3721 1780 3789 dea
1825 3741 1864 3789 e
1909 3721 2243 3810 religione
2276 3720 2543 3811 vulgari
2574 3739 2706 3788 nec
2742 3739 2780 3787 e
2811 3718 3037 3809 philo-

753 3825 1005 3914 sophia⁴
1080 3831 1280 3912 nota,
1372 3826 1542 3914 quin
1629 3827 1840 3896 etiam
1927 3826 2346 3894 contendere
2420 3826 2804 3915 possimuS‚
2878 3843 3034 3892 eam

756 3931 1042 3999 omnino
1087 3949 1230 4000 non
1274 3936 1355 3999 ut
1400 3931 1639 4017 deam,
1688 3933 1810 4000 sed
1855 3938 1933 4001 ut
1978 3931 2312 4000 feminam
2361 3930 2640 4000 Caesari
2672 3949 3031 4020 apparere.

763 4036 927 4106 Utut
956 4056 1067 4105 res
1099 4057 1174 4116 se
1205 4037 1446 4119 habet,
1483 4039 1654 4107 haec
1685 4039 1916 4129 imago
1934 4090 1952 4125 ‚
1979 4058 2064 4106 ex
2088 4037 2585 4127 imaginatione
2609 4035 2871 4105 fervida
2894 4034 3034 4103 Lu-

841 4277 898 4348 1)
940 4273 1058 4335 Cic.
1100 4274 1173 4334 de
1211 4274 1286 4333 N.
1330 4273 1403 4333 D.
1447 4273 1845 4333 23:60461.
2089 4274 2149 4346 2)
2193 4271 2298 4330 Ph.
2339 4271 2457 4330 IV:
2484 4276 2596 4330 189
2621 4288 2706 4344 sq.

837 4374 897 4444 3)
941 4370 1126 4431 Phara
1165 4370 1373 4430 12186
1414 4387 1502 4443 sq.
