3434 5159
1822 339 1912 410 78

819 564 957 634 Sed
1002 565 1180 635 eheu
1198 617 1216 652 ,
1262 562 1589 654 Pompei,

1473 716 1478 721 -
1886 667 2185 755 „lassata
2226 671 2601 761 triumphis

1128 774 1435 843 destituit
1481 772 1790 841 Fortuna
1834 774 2037 842 tuis.”
2071 773 2129 863 l)

819 879 1043 959 Quam
1092 879 1346 949 Caesar
1391 883 1624 947 autem
1673 876 2021 947 Fortunae
2068 876 2234 947 fidat
2279 881 2422 948 iam
2468 900 2681 971 supra
2712 882 3008 954 demon-

728 991 1046 1054 stratum.
2644 1042 2651 1047 ,

325 1120 503 1160 roam
549 1119 703 1160 mms-
819 1090 955 1156 Sed
1001 1109 1145 1156 non
1191 1107 1464 1176 semper
1512 1092 1615 1155 est
1646 1087 1775 1155 dea
1806 1106 2030 1156 saeva.
2103 1087 2439 1158 Militibus
2471 1090 2663 1158 enim
2696 1090 3013 1180 CatoniS,

325 1183 425 1214 ⁰⁰¹²
729 1213 854 1282 per
897 1193 1168 1262 deserta
1214 1192 1486 1261 Africae
1531 1193 1664 1260 iter
1692 1192 2140 1280 facientibuS‚
2173 1200 2330 1282 post
2361 1196 2669 1263 maxima
2700 1198 3015 1285 pericula

730 1317 935 1387 opem
980 1297 1141 1366 fert:

1038 1401 1216 1487 „Vix
1261 1400 1535 1468 miseris
1580 1419 1818 1468 serum
1863 1405 2056 1468 tanto
2102 1399 2353 1469 lassata
2402 1403 2662 1490 periclo

1040 1504 1376 1575 auxilium
1423 1504 1730 1572 Fortuna
1778 1504 2031 1573 dedit.''
2065 1504 2127 1594 ²)

729 1616 799 1680 et
863 1610 1090 1678 occiso
1159 1607 1465 1694 Achilla,
1536 1627 1658 1696 qm
1726 1606 2140 1696 Pompeium
2201 1609 2463 1678 nefarie
2525 1611 3002 1699 interfecerat,

728 1713 1402 1798 delectarissvidetur,
1451 1732 1617 1780 nam
1662 1713 1765 1780 sic
1811 1712 1983 1781 dixit
2027 1719 2265 1802 poeta:

815 1818 1077 1906 „altera
1094 1882 1110 1903 ,
1157 1816 1411 1906 Magne
1427 1869 1445 1901 ,
1494 1817 1633 1885 tuis
1677 1817 1821 1885 iam
1866 1818 2149 1886 victima
2194 1820 2494 1888 mittitur
2537 1819 2845 1907 umbris3

819 1942 950 1991 nec
995 1922 1162 1990 satis
1207 1921 1339 1989 hoc
1383 1920 1690 1989 Fortuna
1736 1923 1999 2009 putat.’'
2032 1922 2092 2012 ⁸)
2159 1988 2165 1992 ,

820 2027 1126 2095 Fortuna
1156 2027 1365 2114 igitur
1393 2044 1676 2114 prorsus
1708 2030 1788 2093 ut
1820 2025 2061 2111 homo,
2114 2025 2475 2096 affectibus
2509 2034 3010 2099 commovetur.

326 2162 523 2225 nonina
555 2160 702 2212 „0910-
822 2133 1206 2200 Maximum
1267 2135 1499 2198 autem
1562 2136 2052 2218 argumentum
2115 2137 2253 2217 est,
2318 2137 2594 2220 poetam
2660 2133 2795 2200 sibi
2841 2134 3012 2202 For-

324 2214 702 2319 222‘1201112‘1'22‘fmw'
736 2243 973 2304 tunam
1042 2240 1122 2304 ut
1189 2235 1392 2302 deam
1459 2234 1896 2323 personalem
1967 2233 2247 2303 finxisse
2265 2289 2281 2322 ,
2361 2236 2548 2323 quod
2607 2239 3016 2325 saepissime

727 2346 844 2410 aut
891 2342 1038 2428 ipse
1085 2358 1241 2407 eam
1288 2338 1692 2426 alloquitur,
1745 2343 1865 2407 aut
1912 2340 2216 2433 aliquem
2270 2359 2426 2407 eam
2472 2342 3010 2429 compellantem

726 2445 1029 2530 inducit,
1078 2443 1221 2511 fere
1266 2461 1541 2532 semper
1586 2443 1815 2512 verbis
1863 2443 2417 2531 deprecantibus.

819 2549 1037 2617 Morte
1083 2546 1397 2635 Pompeii
1443 2546 1678 2616 audita
1695 2599 1713 2633 ,
1762 2547 1937 2615 irata
1985 2548 2305 2616 Cornelia

1038 2672 1246 2741 „ergo
1290 2651 1577 2742 indigna
1622 2651 1757 2739 fui,
1804 2652 2012 2741 dixit,
2061 2652 2403 2733 Fortuna,
2446 2653 2699 2721 marito

1040 2756 1437 2825 accendisse
1482 2757 1798 2845 rogum.’'
1833 2756 1893 2846 4)

817 2863 1030 2929 Poeta
1083 2862 1231 2950 ipse
1249 2913 1267 2945 ,
1316 2865 1470 2950 post
1517 2860 1987 2930 Pharsalicam
2034 2862 2302 2931 cladem
2320 2915 2338 2948 ,
2386 2861 2778 2930 libertatem
2824 2863 3010 2929 anti-

727 2987 940 3056 quam
1009 2965 1381 3035 detestatus
1399 3018 1417 3052 ,
1485 2971 1674 3054 optat
1743 2972 1822 3034 ut
1891 2965 2115 3034 Roma
2181 2985 2569 3055 numquam
2639 2985 2680 3032 a
2725 2966 3006 3055 regibus

727 3073 1018 3141 liberata
1063 3071 1302 3141 fuerit:

1172 3175 1304 3261 „de
1350 3175 1616 3260 BrutiS‚
1666 3175 2006 3261 Fortuna,
2056 3173 2373 3264 queror.’'
2405 3174 2466 3262 6)

817 3281 904 3349 Ε1
951 3301 992 3349 6
1039 3280 1331 3350 Caesare
1376 3281 1450 3347 in
1496 3278 1848 3349 Thessalia
1894 3279 2116 3348 victus
2136 3331 2155 3366 ,
2201 3279 2304 3347 sic
2348 3277 2721 3367 Pompeius
2766 3278 3012 3366 pathe-

726 3387 859 3454 tice
904 3384 1286 3455 Fortunam
1334 3383 1612 3454 affatur:
2553 3385 2565 3447 ξ

906 3489 1245 3575 „Civiline
1291 3509 1541 3578 parum
1588 3493 1691 3556 est
1735 3487 1954 3574 hello,
2003 3489 2064 3556 si
2110 3508 2358 3577 meque
2404 3508 2737 3577 meosque

904 3593 1142 3662 obruis
1158 3594 1194 3661 ‘l
1262 3594 1569 3683 Exiguae
1614 3592 1845 3661 clades
1891 3612 2133 3662 sumus
2177 3593 2346 3661 orbe
2390 3598 2660 3662 remoto
2677 3593 2713 3660 ‘l

905 3698 1142 3765 omnia
1187 3698 1355 3786 quid
1400 3697 1713 3766 laceras‘?
1763 3696 1931 3786 quid
1976 3697 2265 3786 perdere
2313 3703 2566 3768 cuncta
2611 3697 2886 3767 laboras
2902 3697 2940 3764 ‘2

904 3801 1047 3871 iam
1094 3802 1268 3870 nihil
1315 3806 1452 3889 est,
1500 3800 1842 3890 Fortuna,
1892 3801 2192 3872 meum.”
2220 3801 2282 3891 6)

814 4064 872 4132 1)
897 4058 1364 4118 Pham-&11:722
1392 4054 1531 4117 Cod.
1553 4054 1732 4116 Ashb.
1760 4059 1952 4116 autem
1972 4071 2078 4130 pro
2100 4052 2440 4131 „destituit”
2458 4054 2658 4115 habet:
2684 4051 3001 4131 „descivit”

827 4158 886 4229 2)
927 4154 1133 4213 Phara.
1176 4153 1465 4212 1x2890.
1761 4155 1821 4224 a)
1861 4151 2063 4212 Phara.
2103 4150 2357 4211 21:524.
2421 4148 2509 4211 cr.
2550 4149 2645 4208 X:
2674 4153 2842 4209 1060.

813 4253 875 4323 4)
915 4249 1120 4310 Phara.
1160 4249 1247 4307 IX
1271 4267 1288 4307 ι
1311 4253 1408 4308 55.
1752 4247 1816 4322 5)
1856 4245 2060 4306 Phars.
2096 4244 2402 4305 V11=44o.

812 4348 873 4419 6)
893 4344 1098 4405 Phara.
1113 4342 1229 4404 VII
1245 4362 1261 4402 z
1279 4347 1414 4402 663.
1443 4341 1593 4402 Sunt
1609 4341 1781 4401 multi
1803 4340 1904 4405 alii
1921 4340 2053 4412 loci,
2072 4339 2172 4399 ubi
2190 4338 2451 4400 Fortuna
2466 4341 2595 4414 ipsa
2614 4338 3009 4413 compellatur.
