3434 5159
1812 348 1952 418 114

922 594 1244 666 „quaque
1289 577 1481 665 patet
1523 577 1745 642 terras
1792 571 1977 640 inter
2019 571 2368 662 lunaeque
2416 580 2685 645 meatus
2704 583 2753 664 ,’

925 680 1247 770 (semidei
1291 699 1535 761 manes
1579 678 1933 764 habitant,
1983 698 2157 767 quos
2203 680 2410 769 ignea
2455 681 2671 751 virtus

922 788 1260 856 innocuos
1307 786 1445 854 vita
1491 784 1819 874 patientis
1865 784 2164 853 aetheris
2209 786 2336 854 imi

919 891 1112 981 fecit)
1159 897 1229 960 et
1274 896 1592 961 aeternos
1639 890 1951 959 animam
1998 890 2273 981 collegit
2318 892 2395 959 in
2444 892 2672 962 orbes

920 1018 1064 1067 non
1110 997 1279 1068 illuc
1323 1015 1493 1066 auro
1539 996 1747 1086 positi
1794 1015 1927 1064 nec
1973 1000 2129 1064 ture
2176 996 2431 1085 sepulti

920 1104 1358 1193 perveniunt.
1405 1102 1548 1170 illic
1591 1106 1965 1191 postquam
2012 1122 2088 1170 se
2135 1101 2403 1171 lumine
2450 1123 2612 1172 vero

917 1209 1268 1299 implevit,
1317 1208 1688 1297 stellasque
1734 1227 1943 1296 vagas
1990 1208 2286 1277 miratur
2331 1214 2401 1276 et
2447 1215 2630 1277 astra

919 1313 1060 1383 fixa
1102 1314 1281 1404 polis
1300 1368 1317 1398 ‚
1364 1313 1535 1381 vidit
1586 1318 1847 1402 quanta
1892 1313 2026 1382 sub
2073 1319 2278 1381 nocte
2322 1313 2587 1383 iaceret

919 1425 1156 1489 nostra
1202 1419 1349 1489 dies
1371 1474 1387 1507 ‚
1434 1420 1726 1509 risitque
1773 1419 1883 1488 sui
1928 1417 2234 1488 ludibria
2276 1421 2574 1488 trunci.''
2608 1419 2667 1507 1)

830 1525 1088 1594 Mirum
1167 1545 1380 1615 quam
1443 1525 1617 1594 haec
1678 1525 2055 1610 sententia,
2116 1525 2270 1593 sine
2334 1524 2548 1594 dubio
2611 1546 2650 1594 e
2713 1525 3028 1594 doctrina

746 1630 1053 1700 Senecae
1102 1637 1415 1720 sumpta,
1479 1629 1741 1699 recedit
1786 1629 1874 1698 ab
1921 1628 2227 1719 imagine
2273 1631 2456 1699 vitae
2501 1631 2807 1716 futurae,
2856 1652 3029 1719 qua-

740 1737 879 1807 lem
939 1736 1323 1821 HomeruS,
1388 1736 1739 1805 maximus
1795 1740 2032 1825 poeta,
2082 1735 2216 1803 sibi
2261 1736 2592 1805 informat
2604 1762 2623 1814 ς
2674 1735 3028 1806 Achillem

740 1843 932 1912 enim
979 1843 1290 1934 depingit
1336 1843 1411 1912 in
1457 1842 1698 1911 inferis
1747 1842 2084 1910 acerrime
2124 1841 2214 1909 de
2242 1862 2372 1911 sua
2401 1848 2586 1911 sorte
2618 1848 3029 1931 querentem

740 1955 810 2017 et
855 1949 1361 2018 exclamantem
1407 1968 1482 2017 se
1527 1946 1751 2017 multo
1792 1947 2141 2037 praeferre
2174 1968 2325 2017 esse
2355 1948 2701 2018 famulum
2732 1949 3028 2019 alicuius

742 2054 1011 2124 domini
1056 2055 1381 2145 pauperis
1428 2055 1501 2122 in
1550 2059 1766 2139 terra,
1815 2054 1877 2122 si
1922 2054 2177 2123 iterum
2229 2055 2459 2122 vivere
2500 2054 2768 2139 liceret,
2809 2074 3023 2143 quam

739 2160 1066 2230 omnibus
1110 2160 1381 2230 umbris
1427 2160 1501 2227 in
1549 2158 1746 2227 Hade
1794 2158 2206 2250 degentibus
2237 2160 2603 2249 imperare.
2636 2158 2698 2248 2)
2778 2159 3024 2240 Quan-

738 2271 809 2334 to
877 2265 1291 2335 nobiliorem
1351 2265 1732 2355 imaginem
1794 2270 2032 2335 noster
2090 2270 2295 2355 poeta
2355 2265 2561 2334 nobis
2625 2271 2788 2334 ante
2854 2285 3022 2334 ocu-

739 2370 842 2440 los
909 2372 1107 2462 ponit
1175 2372 1525 2462 Pompeii,
1597 2371 1675 2440 in
1739 2370 1929 2440 coelo
1996 2370 2307 2457 „lumine
2368 2371 2720 2460 impleti‚’'
2790 2371 3022 2441 studia

739 2477 1051 2547 humana
1085 2477 1373 2547 ‘sordida
1419 2483 1628 2566 atque
1673 2477 1845 2545 viles
1893 2495 2097 2546 curas
2144 2475 2624 2566 despicientis!
2692 2476 2818 2544 His
2864 2496 3022 2544 ver-

738 2582 849 2651 bis
912 2584 1273 2673 utriusque
1333 2587 1577 2672 poetae
1627 2583 2046 2671 comparatis
2094 2582 2169 2649 in
2217 2581 2453 2650 oculos
2499 2582 2830 2666 incurrit,
2880 2600 3020 2670 quo

738 2688 945 2757 modo
1008 2688 1444 2779 philosophia
1509 2689 1708 2778 quasi
1765 2687 2136 2777 caliginem
2194 2686 2283 2756 ab
2337 2687 2704 2756 hominum
2761 2687 3016 2754 animis

738 2792 1122 2886 dispulerit.
2488 2859 2495 2863 ,

827 2899 1050 2969 Fuere
1098 2901 1252 2990 qui,
1303 2900 1589 2968 fortasse
1635 2919 1676 2968 a
1723 2898 1975 2988 Micylo
2025 2899 2392 2983 commoti,
2441 2902 2769 2988 putarent
2799 2903 3017 2966 totam

737 3005 923 3074 hanc
989 3006 1371 3097 imaginem
1444 3026 1483 3073 e
1550 3004 1913 3074 Platonica
1975 3004 2289 3073 doctrina
2352 3003 2438 3072 de
2501 3002 3022 3071 immortalitate

738 3131 889 3181 esse
964 3118 1317 3202 sumptam
1336 3165 1354 3199 ‚
1389 3110 1447 3200 3)
1527 3130 1757 3199 neque
1834 3130 2091 3198 negare
2166 3129 2537 3200 possumus
2613 3108 2735 3177 illa
2809 3108 3020 3177 verba

739 3217 1050 3302 „lumine
1127 3237 1289 3286 vero
1366 3215 1723 3307 implevit''
1805 3215 2212 3303 „Platonem
2282 3216 2598 3285 sonare.''
2703 3214 3022 3283 Fortasse

740 3323 948 3392 etiam
995 3322 1338 3413 Vergilius
1355 3376 1373 3410 ,
1424 3323 1545 3412 qui
1593 3322 1678 3390 de
1726 3327 1948 3390 morte
1994 3327 2138 3391 tam
2191 3321 2620 3395 sollemniter
2666 3322 2845 3410 agit,
2894 3319 3020 3388 ali-

740 3428 908 3517 quid
969 3427 1206 3498 valuit.
1299 3428 1436 3498 Sed
1498 3428 1587 3497 ab
1651 3427 1787 3496 alia
1848 3433 2045 3518 parte
2110 3432 2380 3498 constat
2442 3427 2699 3496 multos
2754 3425 3021 3494 Stoicos

740 3533 1057 3602 docuisse
1125 3534 1397 3603 animas
1465 3534 1815 3604 bonorum
1879 3553 2130 3623 corpus
2193 3533 2485 3603 mortale
2545 3532 3021 3621 relinquentes

737 3638 972 3708 statim
1036 3657 1268 3708 aerem
1322 3640 1466 3709 sive
1514 3640 1786 3709 coelum
1833 3645 2069 3729 petere
2087 3693 2105 3729 ‚
2138 3638 2197 3728 4)
2249 3645 2456 3729 atque
2503 3637 2635 3708 sub
2683 3636 2852 3706 luna
2896 3636 3018 3704 ha-

817 3911 875 3982 1)
937 3908 1138 3968 Phars.
1199 3905 1324 3965 IX:
1350 3907 1562 3965 6—14.
1641 3902 1843 3964 Lectio
1901 3904 2040 3965 satis
2095 3904 2334 3964 incerta.
2419 3904 2733 3980 Priscian„
2778 3908 2837 3963 et
2879 3902 3020 3963 Cod.

730 4003 1059 4066 Ashburnh.
1101 4002 1318 4063 habent
1361 3999 1807 4075 „quodque.”
1868 3999 2191 4060 Gronovius
2218 4003 2409 4060 autem
2443 4000 2704 4075 (Observ.
2732 3999 2762 4058 I
2788 4015 2885 4074 pg.
2917 4004 3018 4071 13)

731 4102 978 4162 coniecit
1021 4116 1119 4161 vrs
1162 4104 1196 4160 6
1238 4114 1345 4175 pro
1386 4101 1583 4172 patet:
1637 4093 1935 4171 „patens'',
1979 4095 2331 4171 (accusativo
2373 4096 2661 4171 pendente
2701 4096 2776 4157 ab
2818 4093 3022 4169 „habi-

733 4200 863 4256 tant
877 4193 959 4272 ‚”)
999 4195 1143 4255 satis
1185 4193 1449 4255 feliciter.

814 4294 875 4367 2)
919 4291 1120 4368 Odyss
1170 4294 1441 4352 11:488.
1762 4291 1822 4361 3)
1867 4285 1956 4347 Cf.
1994 4288 2248 4348 Haskins
2289 4288 2362 4348 ad
2402 4288 2554 4348 hunc
2591 4291 2798 4349 locum.

687 4444 698 4455 .
816 4393 877 4465 4)
920 4387 1036 4449 Cic.
1077 4389 1249 4450 Tusc.
1291 4388 1627 4463 1:182423
1667 4384 1939 4446 Lactant.
1979 4385 2126 4445 VII:
2153 4389 2230 4445 20
2271 4385 2511 4449 Tertull.
2552 4384 2624 4445 de
2663 4393 2756 4446 an.
2801 4387 2898 4445 54.
