3434 5159
1754 320 1844 389 76

588 571 639 610 rc.
754 538 845 606 At
891 538 1201 628 Caesari,
1250 541 1349 610 illi
1393 542 1685 611 humani
1734 543 2006 632 generis
2045 542 2256 626 hosti,
2290 542 2598 611 Fortuna
2628 563 2937 611 summo-

631 654 831 731 pere
877 647 1368 733 patrocinatur,
1423 649 1485 715 ei
1532 668 1808 736 semper
1853 647 2111 715 auxilio
2154 649 2371 733 venit,
2397 667 2710 765 ‘eumque
2742 648 2939 735 quasi

663 750 991 816 meretrix
1046 770 1208 818 suas
1254 750 1535 819 delicias
1581 751 1792 836 ludit3
1841 751 1963 820 sed
2013 750 2267 820 Caesar
2317 752 2610 819 minime
2657 751 2743 819 de
2791 752 2939 820 eius

662 850 893 919 favore
977 854 1263 923 dubitat.
1357 855 1582 923 Etiam
1656 876 1819 924 cum
1892 855 2145 923 milites
2215 855 2485 923 Afranii
2556 876 2629 923 se
2699 855 2940 944 legatis

667 955 978 1026 Caesaris
1009 960 1322 1043 tradunt,
1359 966 1462 1028 est
1487 961 1793 1030 Fortuna
1812 1014 1829 1046 ,
1857 979 2033 1048 quae
2060 960 2145 1027 iis
2170 959 2346 1044 „hoc
2372 980 2649 1048 quoque
2674 959 2939 1029 securis

664 1063 894 1129 oneris
939 1066 1283 1150 remisit,'’
1320 1066 1376 1154 ¹)
1426 1066 1611 1154 quod
1664 1066 1991 1133 victorem
2038 1063 2262 1132 colere
2309 1063 2629 1131 debeant.

757 1167 1005 1235 Milites
1075 1168 1432 1237 seditiosos
1503 1169 1756 1238 Caesar
1826 1189 1969 1237 non
2039 1168 2308 1237 dubitat
2373 1167 2736 1235 demittere
2759 1221 2775 1254 ,
2840 1168 2941 1236 sic

667 1291 781 1339 eos
828 1271 1200 1341 allocutus:

800 1376 1208 1460 „Invenient
1254 1380 1426 1448 haec
1474 1398 1668 1447 arma
1713 1398 1998 1464 manus,
2049 1377 2382 1466 vobisque
2427 1376 2760 1465 repulsiS,

799 1487 895 1548 tot
943 1482 1182 1551 reddet
1227 1485 1531 1552 Fortuna
1579 1486 1790 1569 virOS,
1841 1489 2009 1572 quot
2052 1483 2191 1551 tela
2238 1482 2650 1550 vacabunt.’'
2685 1482 2744 1570 2)

756 1586 927 1653 Fere
988 1588 1207 1657 risum
1264 1595 1497 1656 movet
1543 1589 1657 1656 ille
1706 1589 1933 1675 locuS,
1983 1588 2105 1656 ubi
2154 1587 2439 1672 Caesar,
2491 1588 2566 1653 in
2612 1587 2938 1654 maximis

667 1690 1023 1778 periculis,
1059 1693 1132 1758 in
1158 1694 1461 1780 procella
1485 1694 1894 1761 vehemente
1922 1697 2256 1778 versatUS,
2298 1691 2706 1777 Fortunam,
2743 1692 2942 1779 quasi

669 1795 1132 1864 concubinam
1180 1818 1414 1881 suam,
1465 1800 1566 1866 sic
1615 1797 2016 1887 compellat:

757 1899 946 1984 „Nec
993 1902 1160 1969 sciet
1209 1901 1339 1970 hoc
1387 1904 1791 1991 quisquam,
1858 1903 1994 1970 nisi
2040 1906 2151 1987 tu,
2203 1921 2381 1989 quae
2428 1901 2574 1968 sola
2621 1920 2936 1970 meorum

759 2006 1034 2073 conscia
1083 2011 1396 2076 votorum
1446 2029 1550 2094 es,
1601 2028 1750 2094 me,
1801 2007 2119 2097 quamvis
2164 2006 2413 2094 plenus
2460 2006 2803 2074 honorum

758 2115 826 2176 et
873 2110 1163 2178 dictator
1208 2132 1365 2179 eam
1411 2112 1680 2203 Stygias
1728 2122 1795 2181 et
1841 2112 2083 2181 consul
2132 2112 2218 2179 ad
2265 2109 2549 2179 umbras
2570 2160 2589 2195 ,

760 2215 1140 2302 privatum,
1189 2217 1525 2304 Fortuna,
1577 2219 1818 2286 mori.'’
1854 2217 1911 2306 ⁸)

761 2318 841 2384 In
917 2318 1252 2408 Hispania
1328 2323 1633 2391 Fortuna
1710 2343 1872 2391 eum
1950 2341 2075 2409 per
2150 2322 2382 2389 iocum
2451 2337 2674 2407 paene
2745 2316 2938 2384 clade

673 2422 1024 2510 affecerat,
1072 2425 1192 2492 sed
1241 2426 1459 2494 nihilo
1510 2429 1742 2497 minus
1789 2447 1951 2495 eum
1998 2427 2267 2508 tuetur,
2315 2444 2521 2492 nam:

1083 2582 1097 2597 .
1195 2584 1209 2598 .
1256 2552 1513 2620 „parvo
1560 2534 1867 2601 Fortuna
1914 2531 2042 2597 viri
2089 2535 2414 2597 contenta
2460 2547 2712 2617 pavore

848 2581 1053 2721 plena
1100 2636 1344 2703 reditss’
1377 2636 1436 2725 4)

766 2736 1018 2804 Caesar
1063 2739 1210 2826 ipse
1258 2747 1489 2809 autem
1531 2741 1908 2809 insolenter
1940 2744 2284 2808 asseverat
2313 2737 2742 2823 „Fortunam
2772 2740 2942 2804 tunc

679 2840 857 2908 male
903 2841 989 2908 de
1035 2862 1108 2909 se
1155 2847 1437 2930 mereri,
1492 2866 1651 2914 cum
1699 2850 1854 2935 post
1899 2849 2055 2912 vota
2103 2842 2433 2910 venerit.’'
2469 2840 2527 2929 5)

768 2942 951 3022 Quin
1008 2947 1192 3036 ipsa,
1259 2952 1456 3038 quasi
1503 2951 1633 3018 dea
1680 2949 2039 3038 Olympica
2086 2948 2159 3014 in
2208 2965 2534 3014 scaenam
2579 2944 2942 3033 prodiens,

680 3048 1043 3119 Caesarem
1085 3054 1545 3122 Alexandriae
1580 3055 1666 3123 ab
1698 3053 2054 3144 Aegyptiis
2090 3053 2642 3120 circumventum
2673 3053 2944 3116 tuetur:

1123 3158 1490 3246 ,murique
1538 3159 1758 3226 vicem
1805 3157 2113 3225 Fortuna
2157 3155 2454 3224 tuetur.'’
2490 3152 2547 3242 ⁶)

628 3305 655 3356 9
769 3258 902 3326 Per
968 3266 1191 3329 totum
1262 3281 1544 3330 carmen
1607 3267 1809 3351 poeta
1871 3281 2014 3328 non
2075 3260 2370 3327 lassatur
2428 3259 2505 3324 in
2566 3256 2946 3324 Fortunam

601 3358 994 3431 v¹'convicia
1040 3366 1388 3455 ingerere:
1430 3386 1573 3434 non
1605 3367 1812 3434 modo
1845 3371 1948 3433 est
1981 3384 2189 3432 causa
2218 3363 2532 3430 omnium
2568 3358 2908 3426 malorum
2931 3408 2949 3441 ‚

681 3467 801 3533 sed
851 3469 1059 3535 etiam
1107 3471 1613 3541 calamitatibus
1659 3472 2039 3539 delectatur
2086 3469 2442 3556 malosque
2491 3464 2832 3533 defendit:

1089 3626 1101 3639 .
1199 3627 1213 3642 .
1263 3575 1548 3662 „Servat
1595 3575 1851 3645 multos
1896 3575 2202 3643 Fortuna
2248 3571 2642 3641 nocentes.'’
2678 3567 2739 3657 ⁷)

766 3855 823 3924 1)
864 3851 1067 3910 Phars.
1110 3850 1228 3909 IV:
1261 3856 1395 3910 399.
1579 3856 1639 3923 2)
1680 3849 1884 3908 Phars-
1914 3849 2002 3908 V:
2036 3852 2170 3907 327.
2260 3846 2262 3849 ’
2362 3849 2422 3917 3)
2463 3843 2664 3903 PharS.
2693 3843 2784 3901 V:
2816 3846 2951 3900 665.

762 3949 822 4018 4)
950 3988 977 4020 ,,
1111 3946 1229 4004 IV:
1265 3951 1393 4004 121.
1657 3948 1716 4014 5)
1759 3945 1959 4003 Phara.
1991 3943 2042 4001 V
2067 3960 2080 4000 :
2105 3945 2237 4000 582.
2310 3937 2399 3999 Of.
2439 3937 2615 3997 verba
2654 3935 2953 4009 sequentia

684 4040 756 4099 ad
797 4041 1140 4114 piscatorem
1180 4041 1362 4112 dicta,
1411 4040 1509 4113 qui
1551 4057 1677 4099 eum
1716 4039 1779 4097 in
1818 4039 2045 4097 ltaliam
2086 4034 2435 4095 transvehit.

1185 4178 1196 4191 .
1282 4178 1296 4193 .
1384 4177 1397 4192 .
1442 4135 1705 4211 „quaerit
1745 4134 1934 4207 pelagi
1974 4132 2231 4205 caelique
2271 4128 2518 4189 tumultu

1081 4230 1222 4304 quid
1261 4233 1517 4304 praestet
1554 4228 1815 4288 Fortuna
1853 4227 2009 4286 mihi.
2014 4226 2052 4256 ”

768 4329 828 4401 6)
868 4326 1068 4386 PharS.
1112 4326 1217 4386 X.
1244 4330 1381 4386 485.
1702 4327 1765 4397 7)
1807 4322 2009 4383 Pham.
2048 4321 2180 4383 111:
2208 4325 2345 4381 448.
2430 4316 2516 4379 cf.
2560 4316 2813 4379 V2697.
