3434 5159
1779 330 1871 401 56

273 566 660 662 ssffi-‘ufflbss'ssm
775 552 851 622 Si
919 554 1155 622 omnia
1227 559 1462 624 autem
1522 554 1659 623 fato
1725 552 1894 622 fiant.
1916 607 1931 637 ,
1997 553 2136 622 fato
2198 553 2844 644 praedestinantur,
2903 554 2966 622 si

272 674 402 716 lotur-
689 659 928 728 omnia
976 680 1220 728 caecae
1254 660 1647 729 necessitati
1679 664 1960 748 parent,
1996 679 2233 727 nonne
2266 660 2630 730 arbitrium
2661 660 2965 729 liberum

690 766 978 834 omnino
1025 765 1338 835 tollitur‘?
1408 765 1619 834 Estne
1665 765 2046 854 quidquam
2095 764 2359 835 bonum
2407 772 2527 835 aut
2571 765 2869 852 malum,
2905 766 2968 833 si

689 871 925 938 omnia
987 871 1515 939 necessaria
1573 871 1791 939 sunt‘?
1875 869 2055 939 Ecce
2115 868 2513 956 difficultaS,
2580 890 2759 958 quae
2820 890 2966 938 non

691 975 896 1044 modo
989 973 1235 1045 Stoicis
1251 1030 1270 1062 ,
1361 975 1483 1044 sed
1558 976 1771 1043 etiam
1843 995 2060 1064 usque
2132 975 2218 1043 ad
2286 981 2597 1043 nostram
2668 980 2967 1042 aetatem

689 1081 773 1149 iis
833 1079 1260 1170 philosophis
1277 1134 1293 1165 ‚
1358 1080 1478 1169 qui
1539 1080 1777 1148 omnia
1830 1079 2291 1148 determinata
2350 1099 2499 1148 esse
2547 1078 2965 1165 censebant,

688 1186 996 1254 maxima
1041 1186 1317 1275 negotia
1362 1185 1709 1272 exhibuit,
1758 1204 1985 1274 neque
2033 1185 2120 1253 ad
2165 1185 2472 1253 huncine
2519 1185 2707 1252 diem
2738 1184 2968 1253 nodus

687 1291 956 1360 solutus
1002 1296 1125 1360 est.

777 1395 865 1464 Et
907 1396 1253 1486 imprimis
1299 1394 1513 1465 Stoici
1557 1396 1860 1464 Romani
1907 1396 1982 1464 in
2013 1415 2099 1464 ea
2132 1395 2628 1484 consequentia
2659 1395 2769 1463 sui
2797 1394 2969 1483 dog-

690 1501 897 1570 matis
954 1500 1039 1569 de
1094 1501 1232 1569 fato
1279 1500 1718 1589 acquiescere
1767 1520 1910 1568 non
1954 1505 2308 1590 poterant,
2355 1519 2522 1568 nam
2569 1501 2735 1568 satis
2782 1500 2972 1569 lucet

687 1606 1020 1693 ethicam,
1089 1606 1164 1675 in
1212 1625 1350 1695 qua
1396 1609 1538 1673 tota
1584 1604 1891 1673 Senecae
1937 1605 2375 1695 philosophia
2419 1611 2765 1692 versatur,
2816 1625 2970 1673 om-

686 1712 856 1780 nino
901 1710 1051 1780 tolli
1096 1717 1304 1799 atque
1349 1730 1939 1801 supervacaneam
1971 1709 2156 1799 fieri,
2189 1711 2249 1778 si
2281 1710 2586 1778 actiones
2617 1709 2972 1778 humanae

687 1816 1082 1885 necessitati
1128 1815 1540 1885 tribuendae
1584 1820 1771 1885 sunt.
1806 1815 1863 1905 1)

778 1921 1006 2002 Quam
1051 1921 1587 2011 repugnantiam
1636 1941 1799 1990 cum
1846 1941 1885 1988 e
1933 1921 2163 1989 medio
2208 1919 2448 1989 tollere
2481 1939 2624 1989 non
2659 1925 2969 2010 possent,

686 2026 1095 2116 simpliciter
1156 2026 1390 2094 animo
1452 2025 1882 2113 eximebant,
1945 2027 2041 2095 ita
2101 2032 2181 2096 ut
2240 2026 2315 2093 in
2374 2025 2600 2094 ethica
2646 2025 2928 2115 quidem
2948 2079 2966 2109 ,

685 2131 824 2200 fato
871 2131 1168 2220 seposito
1216 2135 1284 2199 et
1330 2130 1616 2221 expulso
1634 2185 1652 2219 ,
1686 2131 2012 2200 docerent
2044 2131 2344 2200 liberum
2379 2150 2529 2199 esse
2563 2130 2928 2199 arbitrium
2948 2185 2967 2217 ,

686 2235 1144 2325 hominesque
1206 2256 1491 2306 suarum
1555 2237 1910 2305 actionum
1956 2238 2299 2305 rationem
2346 2236 2635 2304 reddere
2682 2236 2970 2322 debere,

686 2349 763 2411 ut
824 2342 1103 2412 Tacitus
1121 2396 1137 2429 ,
1201 2363 1327 2412 sua
1386 2341 1723 2411 brevitate
1785 2342 2153 2432 peculiari,
2219 2343 2474 2411 diserte
2527 2347 2814 2410 testatur
2859 2342 2973 2409 his

686 2448 947 2534 verbiS,
997 2449 1252 2537 partim
1299 2449 1440 2516 iam
1486 2468 1698 2537 supra
1746 2448 2003 2518 allatis:
2037 2446 2096 2537 2)
2154 2447 2340 2534 „Alii
2390 2447 2675 2537 (nempe
2722 2447 2970 2536 Stoici)

686 2554 905 2624 fatum
965 2554 1248 2643 quidem
1310 2554 1633 2643 ingruere
1691 2554 1903 2623 rebus
1964 2559 2250 2643 putant,
2318 2555 2440 2622 sed
2503 2572 2647 2621 non
2694 2573 2733 2620 e
2779 2553 2975 2642 vagis

690 2660 935 2747 stellis,
994 2679 1237 2728 verum
1286 2660 1470 2749 apud
1516 2660 1862 2749 principia
1906 2665 1971 2728 et
2015 2679 2235 2730 nexus
2268 2659 2693 2729 naturalium
2729 2677 2973 2727 causa-

690 2786 882 2850 rum3
933 2784 1015 2833 ac
1059 2770 1296 2833 tamen
1344 2764 1754 2834 electionem
1800 2764 1982 2834 vitae
2029 2765 2231 2833 nobis
2275 2763 2716 2853 relinquunt,
2753 2783 2971 2853 quam

689 2870 814 2940 ubi
878 2870 1199 2961 elegeriS,
1265 2875 1530 2940 certum
1576 2870 2099 2940 imminentium
2146 2870 2508 2938 ordinem”
2558 2874 2686 2937 etc.
2722 2867 2780 2956 3)
2855 2867 2972 2935 Ci-

692 2996 850 3046 cero
920 2981 1154 3046 autem
1218 2975 1417 3044 dicit:
1480 2974 1791 3064 „Natura
1852 2974 2101 3044 mundi
2160 2995 2408 3043 omnes
2469 2977 2699 3043 motus
2761 2972 2974 3042 habet

777 3316 834 3385 1)
892 3311 981 3373 cf.
1028 3311 1101 3371 A.
1157 3312 1300 3372 Gell.
1361 3311 1578 3372 Noctes
1629 3310 1753 3371 Att.
1807 3310 1913 3369 VI=
1987 3315 2022 3368 2
2084 3311 2186 3386 „Si
2227 3310 2583 3386 Chrysippus
2637 3310 2762 3372 fato
2802 3319 2977 3387 putat

691 3407 883 3466 omnia
934 3406 1150 3467 moveri
1200 3412 1259 3466 et
1313 3407 1466 3480 regi,
1523 3423 1628 3466 nec
1679 3406 1958 3466 declinari
2010 3406 2453 3481 transcendique
2508 3423 2679 3481 posse
2741 3410 2976 3481 agmina

691 3498 799 3559 fati
850 3506 909 3559 et
961 3502 1276 3561 volumina:
1331 3505 1572 3575 peccata
1627 3517 1854 3575 quoque
1894 3502 2187 3561 hominum
2228 3507 2287 3561 et
2326 3501 2539 3562 delicta
2580 3519 2698 3562 non
2738 3521 2976 3563 succen-

694 3595 873 3655 seuda
911 3611 1097 3667 neque
1135 3594 1459 3654 inducenda
1498 3600 1633 3654 sunt
1669 3596 1813 3669 ipsis
1851 3597 2356 3671 voluntatibusque
2389 3613 2583 3657 eorum
2600 3642 2617 3672 ,
2647 3599 2750 3658 sed
2775 3615 2975 3659 neces-

693 3691 853 3748 sitati
905 3689 1128 3749 cuidam
1179 3694 1238 3747 et
1289 3689 1602 3750 instantiae
1615 3733 1633 3764 ,
1690 3705 1838 3763 quae
1894 3691 2079 3751 oritur
2131 3709 2164 3751 e
2216 3691 2339 3752 fato
2387 3693 2633 3752 omnium
2649 3738 2667 3766 ‚
2708 3710 2856 3767 quae
2896 3694 2977 3755 sit

693 3801 881 3844 rerum
937 3784 1169 3844 domina
1221 3789 1281 3843 et
1334 3784 1581 3859 arbitra,
1623 3802 1731 3858 per
1768 3802 1937 3859 quam
1978 3802 2210 3846 necesse
2245 3788 2328 3856 ‘sit
2367 3786 2518 3861 fieri,
2565 3788 2842 3862 quidquid
2880 3788 2975 3848 fu-

692 3885 884 3940 turum
925 3885 1046 3958 est,
1086 3885 1144 3940 et
1182 3885 1492 3955 propterea
1529 3881 1856 3941 nocentium
1889 3898 2104 3956 poenas
2122 3883 2343 3956 legibus
2370 3883 2566 3957 inique
2592 3884 2937 3944 constitutas
2951 3929 2970 3958 ‚

696 3976 746 4034 si
784 3976 1041 4036 homines
1079 3976 1157 4036 ad
1193 3973 1474 4036 maleficia
1511 3992 1629 4036 non
1667 3981 1874 4051 sponte
1911 3978 2177 4051 veniunt,
2219 3978 2322 4038 sed
2361 3978 2483 4038 fato
2523 3978 2891 4039 trahuntur.”

776 4073 839 4147 2)
881 4072 1064 4131 Tacit.
1103 4072 1257 4131 Ann.
1297 4072 1535 4130 V1=22.

777 4170 837 4240 3)
878 4167 1010 4240 Ipse
1050 4168 1284 4227 Tacitus
1323 4169 1503 4241 magis
1543 4167 1787 4227 dubitat.
1828 4167 1901 4229 cf.
1942 4168 2024 4228 IV
2049 4186 2063 4227 :
2088 4173 2190 4227 202
2241 4170 2446 4238 „Unde
2486 4170 2750 4230 dubitare
2777 4187 2971 4245 cogor,

692 4260 815 4322 fato
868 4267 928 4321 et
980 4267 1136 4322 sorte
1190 4262 1491 4336 nascendi,
1533 4268 1599 4322 ut
1639 4269 1831 4324 cetera
1845 4308 1862 4338 ,
1903 4265 1991 4324 ita
2029 4264 2352 4338 principum
2392 4266 2690 4325 inclinatio
2730 4266 2792 4324 in
2831 4265 2938 4325 hos
2952 4309 2970 4340 ,

695 4356 933 4423 offensio
972 4359 1035 4420 in
1072 4358 1203 4421 illos
1216 4402 1233 4436 ,
1274 4374 1350 4418 an
1389 4360 1466 4422 sit
1502 4359 1719 4436 aliquid
1759 4360 1822 4422 in
1861 4359 2073 4422 nostris
2113 4360 2405 4421 consiliis”
2445 4365 2554 4421 etc.
2638 4359 2725 4421 cf.
2766 4360 2856 4421 his
2898 4360 2972 4421 de
