3434 5159
358 890 455 931 Dei·
501 889 662 931 reiecti·
674 920 688 941 ,

306 943 437 984 fatum
458 942 691 984 dominantur

299 998 347 1037 in
374 995 597 1037 Pharsalia.

306 1313 450 1355 Vatiae
467 1313 693 1354 sententiae

304 1366 563 1418 antiquorum
603 1365 655 1406 de

304 1418 446 1461 mundi
486 1417 654 1459 admini-

305 1472 517 1514 aratione.

1801 329 1894 399 44

707 553 992 622 Lucano
1078 551 1310 642 aliquo
1395 554 1722 636 numine,
1810 558 2063 623 cuncta
2145 553 2444 623 ducente
2521 552 2989 642 omnibusque

709 658 1148 744 moderante,
1213 679 1388 746 opus
1449 665 1631 745 erat,
1689 659 1877 747 quod
1922 660 1996 726 in
2045 660 2154 729 ius
2201 664 2268 727 et
2315 660 2388 727 in
2438 660 2704 728 crimen
2754 663 2985 745 vocet,

711 768 778 831 et
824 763 898 831 in
946 763 1132 852 quod
1177 784 1460 832 omnem
1510 764 1788 853 culpam
1837 763 2164 834 conferat.

805 868 879 937 Id
941 889 1206 937 numen
1273 874 1539 954 autem,
1611 869 1902 939 deorum
1963 871 2303 939 iacturam
2367 888 2860 959 compensanS,
2912 869 2984 936 in

716 974 1071 1042 Pharsalia
1139 979 1242 1042 est
1308 974 1528 1043 fatum
1606 980 1674 1043 et
1749 976 2058 1053 fortuna,
2124 996 2304 1064 quae
2366 975 2721 1061 notiones,
2780 973 2987 1063 plane

710 1079 892 1147 inter
975 1099 1051 1147 se
1132 1085 1557 1169 pugnantes,
1647 1082 1823 1149 mire
1893 1080 2460 1167 confunduntur3
2532 1080 2654 1148 sed
2725 1080 2812 1147 de
2883 1079 2990 1147 his

711 1184 913 1273 plura
959 1203 1140 1253 mox.

806 1289 1298 1379 Unusquisque
1352 1292 1472 1380 qui
1521 1293 1774 1382 cogitat
1820 1293 2213 1382 aenigmata
2258 1293 2390 1362 sibi
2438 1291 2701 1361 solvere
2748 1291 2952 1362 debet
2975 1343 2993 1376 ,
3041 1351 3052 1356 -

717 1401 837 1463 aut
901 1400 1084 1463 certe
1140 1393 1405 1463 solvere
1468 1398 1706 1466 conari
1767 1396 2007 1485 debet,
2063 1419 2242 1487 quae
2287 1400 2428 1467 vita
2471 1399 2818 1485 humana,
2868 1416 2995 1467 na-

717 1506 906 1587 tura,
969 1502 1276 1570 mundus
1339 1501 1427 1570 ab
1487 1504 1815 1573 omnibus
1860 1502 2210 1593 partibUS,
2260 1510 2328 1572 et
2375 1504 2571 1573 omni
2616 1505 2797 1574 vitae
2843 1524 2993 1572 mo-

716 1612 953 1674 mento
999 1605 1203 1676 nobis
1248 1615 1666 1696 proponunt.

804 1712 953 1780 Iam
1015 1711 1408 1801 philosophi
1462 1715 1732 1802 antiqui
1777 1714 1912 1783 sibi
1958 1717 2436 1804 quaestionem
2483 1720 2996 1805 proposuerunt

716 1819 1040 1907 quisnam
1087 1817 1433 1886 mundum
1483 1821 1844 1908 creaverit,
1879 1821 2301 1910 quibusnam
2334 1820 2726 1910 praeceptis
2757 1820 2998 1888 omnia

715 1922 1159 2007 ordinentur,
1217 1923 1471 2010 quibus
1517 1923 1787 2014 legibus
1833 1931 2086 1995 cuncta
2129 1932 2443 2015 pareant.
2517 1925 2784 1994 Seneca
2833 1945 2876 1993 a
2921 1945 2997 1993 se

676 2027 1019 2116 -quaerit,
1084 2047 1309 2115 „quae
1374 2029 1680 2098 universi
1742 2030 2031 2099 materia
2092 2032 2215 2112 sit,
2281 2019 2466 2119 quis'
2501 2035 2771 2114 auctor,
2840 2029 2997 2119 quis

715 2137 979 2217 custos,
1030 2130 1197 2220 quid
1245 2133 1333 2200 sit
1380 2132 1597 2219 DeuS,
1645 2138 1830 2204 totus
1862 2136 1934 2203 in
1970 2155 2045 2203 se
2076 2135 2424 2224 intendat,
2467 2157 2551 2204 an
2593 2135 2675 2204 ad
2713 2155 2839 2203 nos
2872 2133 2995 2202 ali-

714 2236 994 2326 quando
1040 2237 1395 2326 respiciat,
1446 2238 1653 2307 faciat
1682 2240 1990 2327 quotidie
2025 2240 2315 2329 aliquid,
2354 2261 2444 2308 an
2477 2240 2692 2309 semel
2724 2239 2990 2323 fecerit,

714 2363 876 2433 pars
939 2341 1186 2413 mundi
1251 2343 1373 2428 sit,
1441 2364 1530 2412 an
1594 2344 1920 2414 mundus.
1973 2398 1988 2413 .
2041 2395 2055 2410 .
2110 2400 2124 2413 .
2196 2345 2348 2414 Nisi
2394 2345 2480 2413 ad
2527 2345 2699 2413 haec
2745 2343 2995 2412 admit-

713 2448 970 2534 terer,’'
1031 2448 1292 2536 inquit,
1352 2469 1539 2536 „non
1586 2449 1806 2518 fuerat
1853 2471 2105 2540 operae
2152 2452 2454 2539 pretium
2501 2451 2715 2518 nasci.
2810 2448 2992 2530 Quid

717 2555 907 2622 enim
969 2557 1151 2640 erat,
1215 2574 1339 2622 cur
1397 2555 1473 2622 in
1534 2575 1830 2626 numero
1891 2556 2274 2624 viventium
2334 2576 2446 2623 me
2494 2556 2795 2645 positum
2844 2572 2995 2621 esse

718 2657 1146 2749 gauderem?
1222 2656 1336 2725 An
1397 2664 1477 2726 ut
1530 2658 1722 2727 cibos
1768 2665 1833 2728 et
1883 2661 2197 2749 potiones
2243 2660 2669 2750 percolarem
2689 2659 2726 2726 ‘2
2777 2711 2791 2725 .
2844 2711 2857 2725 .
2910 2711 2925 2726 .
2977 2710 2993 2726 .

717 2762 776 2832 Ο
839 2782 1051 2851 quam
1114 2768 1508 2852 contempta
1567 2784 1679 2831 res
1745 2770 1846 2833 est
1912 2765 2121 2833 homo
2137 2818 2154 2849 ,
2219 2767 2353 2833 nisi
2415 2784 2625 2853 supra
2686 2763 2998 2832 humana

717 2867 1126 2936 surrexerit!
1180 2914 1463 2936 .....
1529 2867 1886 2949 Quantum
1934 2871 2102 2939 utile
2149 2871 2503 2938 existimas
2541 2870 2675 2937 ista
2707 2887 2997 2957 cognos-

722 2993 908 3059 cere,
974 2978 1041 3040 et
1099 2971 1307 3040 rebus
1367 2975 1703 3041 terminos
1767 2995 2061 3063 ponere,
2125 2980 2467 3063 quantum
2515 2972 2700 3042 Deus
2745 2973 2995 3061 possit,

724 3077 1084 3146 materiam
1134 3078 1281 3165 ipse
1328 3076 1463 3145 sibi
1508 3077 1793 3166 formet,
1843 3099 1932 3146 an
1982 3079 2140 3147 data
2188 3080 2469 3149 utatur‘?
2537 3077 2785 3146 Utrum
2842 3077 2998 3145 idea

722 3183 1051 3251 materiae
1119 3183 1321 3271 prius
1381 3185 1827 3270 superveniat
1849 3237 1867 3269 ,
1942 3202 2032 3251 an
2103 3184 2394 3253 materia
2459 3182 2658 3250 ideae
2682 3183 2719 3248 ⁶?
2810 3180 2996 3249 Deus

720 3288 1054 3377 quidquid
1102 3288 1282 3373 vult,
1331 3286 1618 3374 efficiat,
1670 3309 1758 3356 an
1786 3289 1860 3357 in
1894 3289 2131 3358 multis
2162 3288 2372 3358 rebus
2405 3287 2603 3357 illum
2636 3286 2997 3355 tractanda

719 3394 1113 3461 destituant.
1207 3392 1399 3487 Haec
1453 3393 1832 3482 inspicere,
1901 3395 2073 3463 haec
2120 3394 2420 3478 discere,
2470 3392 2577 3459 his
2622 3389 2992 3473 incubare,

723 3518 954 3566 nonne
1012 3496 1360 3565 transilire
1423 3503 1527 3566 est
1571 3499 2063 3567 mortalitatem
2110 3518 2311 3567 suam
2333 3551 2350 3583 ,
2400 3502 2468 3563 et
2512 3497 2587 3563 in
2639 3493 2993 3590 meliorem

719 3601 1088 3670 transcribi
1133 3607 1389 3669 sortem
1407 3602 1479 3670 ‘P'’
1513 3600 1572 3692 l)

808 3705 1075 3775 Lucani
1118 3706 1260 3774 iam
1306 3707 1773 3795 temporibuS,
1823 3710 2048 3797 primo
2103 3708 2379 3776 saeculo
2439 3710 2594 3795 post
2640 3699 2994 3773 Christum

721 3817 992 3897 natum,
1064 3811 1336 3880 duabus
1396 3813 1740 3900 imprimis
1787 3813 2356 3901 philosophorum
2404 3810 2695 3894 schoIiS,
2744 3828 2997 3895 nempe

720 3918 949 3984 Stoica
994 3922 1062 3984 et
1107 3915 1479 4006 Epicurea,
1529 3916 1795 3985 Romae
1841 3917 2282 4003 florentibUS,
2333 3915 2690 4000 homineS,
2738 3912 2998 4002 quibis

720 4021 929 4090 rebus
974 4021 1382 4108 studebant,
1431 4027 1497 4091 et
1546 4023 1598 4090 ii
1645 4023 1769 4111 qui
1800 4042 2042 4093 eorum
2078 4041 2476 4109 sermonem
2507 4018 2996 4102 imitabantur,

719 4127 795 4193 in
869 4125 1038 4195 bina
1100 4132 1324 4195 castra
1387 4127 1903 4213 dividebantur,
1971 4125 2270 4216 quorum
2333 4125 2698 4215 opiniones
2760 4126 3001 4206 auctor

805 4350 865 4423 1)
909 4346 996 4410 cf.
1039 4346 1289 4408 Seneca:
1333 4345 1439 4421 Qu.
1481 4344 1657 4406 Nan:
1699 4337 1890 4406 Pr‘aef.
