3434 5159
1487 360 1623 430 113

410 589 617 661 modo
675 589 911 661 lusum
969 588 1190 658 videri
1207 642 1224 676 ,
1272 586 1396 657 sed
1442 587 1680 656 contra
1729 587 1796 656 ei
1841 591 1946 656 est
1991 590 2481 679 argumentum
2529 582 2682 651 ani-

412 716 600 768 mam
649 701 805 787 post
848 700 1149 766 mortem
1195 713 1504 763 manere.

679 804 766 890 „32
814 802 1022 889 πόποι,
1070 796 1107 875 ἦ
1152 799 1222 883 ῥά
1269 824 1356 873 τις
1402 800 1526 865 {brt
1573 800 1672 865 ux)
1719 800 1799 865 εἶν
1845 800 2043 867 Ἀίδαο
2088 799 2337 879 δόμοισιν

528 973 533 978 .
678 911 854 990 ψυχὴ
899 910 998 974 καὶ
1046 904 1349 974 εἴδωλονι”
1386 903 1445 995 Ῑ)

505 1014 733 1083 Etiam
781 1012 1103 1083 Cornelia
1146 1011 1382 1081 mariti
1428 1010 1861 1080 dubitatione
1901 1009 2144 1081 affecta
2176 1010 2478 1098 videtur,
2523 1030 2689 1079 nam

410 1119 823 1209 Pompeium
868 1119 1178 1189 occisum
1227 1116 1674 1186 acerbissime
1718 1116 2089 1207 deplorans
2107 1171 2124 1202 ,
2183 1118 2413 1188 subito
2461 1116 2686 1186 addit:

501 1227 687 1312 „iam
733 1244 927 1294 nunc
972 1228 1041 1292 te
1087 1242 1213 1313 per
1260 1224 1470 1293 inane
1517 1223 1759 1309 chaOS,
1808 1242 1934 1312 per
1979 1222 2296 1312 Tartara,
2346 1224 2686 1307 coniunX,

503 1333 572 1400 si
616 1336 807 1400 sunt
854 1330 1060 1416 ulla,
1109 1327 1424 1418 sequar.”
1457 1327 1518 1417 2)
2456 1356 2459 1358 ’

501 1437 587 1504 Et
645 1437 794 1526 ipse
853 1441 1057 1526 poeta
1116 1454 1261 1504 uno
1322 1434 1472 1502 loco
1536 1440 1773 1523 aperte
1833 1434 2134 1503 declarat
2190 1440 2346 1524 post
2392 1441 2687 1504 mortem

411 1542 684 1612 nullum
748 1560 1034 1611 sensum
1098 1553 1246 1610 esse
1309 1539 1712 1609 hominihus
1731 1594 1748 1628 ,
1796 1540 1986 1609 unde
2031 1541 2285 1610 miram
2334 1546 2539 1630 atque
2587 1540 2693 1608 di-

409 1668 561 1717 ram
652 1648 1197 1716 exsecrationem
1278 1646 1355 1714 in
1430 1646 1791 1714 hominem
1868 1646 2220 1735 quendam
2295 1647 2685 1736 detorquet.

417 1753 776 1823 Crastinus
844 1753 1035 1822 enim
1106 1752 1376 1842 primus
1440 1751 1518 1819 in
1579 1750 1978 1821 Pharsalica
2038 1772 2273 1842 pugna
2334 1752 2552 1821 telum
2613 1752 2688 1818 in

409 1865 734 1949 parentes
803 1864 873 1927 et
939 1858 1369 1948 propinquos
1436 1857 1780 1931 iaculatus
1850 1864 2029 1946 erat,
2101 1878 2315 1948 quam
2383 1857 2472 1927 ob
2533 1862 2683 1925 rem

416 1965 751 2034 Annaeus
799 1965 865 2033 ei
910 1984 1054 2032 non
1102 1969 1399 2032 mortem
1443 1963 1902 2053 imprecatur,
1966 1984 2179 2053 quae,
2235 1965 2430 2032 omni
2474 1983 2686 2033 sensu

414 2073 705 2160 amiss0,
771 2076 998 2161 poena
1058 2070 1463 2141 hominibus
1523 2077 1837 2160 paratur,
1901 2071 2023 2140 sed
2086 2072 2297 2140 etiam
2351 2072 2688 2139 maiorem

422 2194 720 2268 poenam
791 2178 857 2246 ei
925 2181 1234 2267 exoptat,
1307 2177 1564 2266 nempe
1631 2196 1918 2247 sensum
1989 2183 2145 2267 post
2213 2183 2509 2245 mortem
2530 2230 2546 2261 ,
2617 2183 2696 2245 ut

417 2285 843 2354 conscientia
890 2282 1136 2373 culpae
1182 2283 1258 2351 in
1306 2302 1382 2351 se
1428 2281 1805 2370 admissae,
1865 2303 2029 2353 eum
2078 2285 2288 2353 etiam
2335 2288 2691 2352 mortuum

411 2391 689 2459 cruciet.
727 2389 786 2479 ³)
894 2388 1186 2458 Perraro
1254 2394 1490 2458 autem
1559 2389 1748 2478 apud
1816 2389 2139 2478 antiquos
2206 2387 2402 2458 illam
2464 2390 2689 2456 notio·-

413 2508 578 2563 nem
598 2549 616 2580 ,
680 2501 979 2563 mortem
1027 2514 1178 2564 esse
1223 2510 1558 2584 poenam,
1607 2495 1958 2583 invenieS,
1990 2496 2053 2585 4)
2102 2494 2223 2564 sed
2272 2501 2512 2563 contra
2555 2495 2692 2563 im-

412 2601 658 2689 primis
719 2599 933 2669 Stoici
997 2617 1155 2669 eam
1215 2618 1577 2670 summum
1640 2618 1792 2670 esse
1851 2600 2118 2671 bo'num
2177 2600 2553 2690 putabant:
2604 2600 2691 2668 de

407 2726 546 2794 qua
590 2726 667 2775 re
712 2706 949 2797 paullo
995 2711 1172 2795 post.

497 2810 654 2881 Alio
715 2812 866 2881 loco
929 2833 1205 2898 rursuS,
1279 2813 1473 2880 omni
1534 2811 1965 2881 dubitatione
2029 2818 2330 2899 remota,
2403 2831 2689 2901 corpore
2721 2839 2908 2903 Μῑςηιςρ
2938 2840 3097 2881 animae

408 2916 722 3006 Pompeii
782 2923 1103 2987 truncato
1166 2918 1242 2985 in
1302 2917 1617 3008 Aegypto
1663 2937 1705 2986 a
1761 2917 1985 2987 Cordo
2033 2924 2338 2988 cremato
2358 2972 2374 3003 ,
2427 2918 2687 3006 aliquot
2721 2892 2911 2974 ΡΟΨΜ·

408 3022 896 3111 pulcherrimis
956 3023 1270 3092 versibus
1325 3024 1475 3092 eius
1522 3024 1800 3092 animae
1847 3025 2335 3115 migrationem
2382 3025 2455 3092 in
2505 3029 2689 3092 astra

408 3126 752 3218 depingit,
816 3148 1045 3219 neque
1105 3128 1306 3198 facile
1367 3129 1618 3198 clarior
1679 3129 1861 3198 vitae
1906 3129 2179 3199 futurae
2223 3131 2453 3221 imago
2501 3128 2687 3218 apud

408 3238 762 3302 auctorem
825 3235 1192 3324 antiquum
1251 3235 1668 3304 invenietur.
1760 3234 2021 3304 Anima
2084 3235 2401 3325 Pompeii
2457 3236 2646 3303 enim
2667 3284 2685 3319 ,

406 3358 445 3406 e
491 3350 776 3430 corpore
821 3340 1120 3410 lacerato
1165 3339 1480 3428 evolans,
1528 3342 1701 3430 'petit
1748 3341 2020 3412 coelum
2064 3343 2526 3412 immensum:

491 3542 547 3611 1)
587 3539 654 3600 11.
698 3544 813 3598 23:
843 3543 972 3598 103.
1055 3539 1259 3613 Neque
1298 3537 1524 3599 Aeneas
1565 3538 1793 3601 dubitat
1830 3540 1903 3601 de
1941 3541 2209 3602 Hectoris
2248 3545 2578 3617 praesentia
2618 3545 2680 3603 in

406 3635 640 3694 somniis
681 3636 735 3701 ei
776 3636 1128 3709 apparentis,
1212 3633 1300 3695 Cf.
1343 3633 1489 3694 Aen.
1531 3635 1764 3695 11:272
1786 3653 1874 3710 sq.

488 3732 550 3806 2)
610 3729 814 3790 Phars.
874 3730 1278 3791 1X2101—2.
1362 3729 1448 3790 Cf.
1507 3731 1686 3791 verba
1746 3729 1944 3806 Cordi,
2004 3731 2337 3807 Pompeium
2396 3741 2681 3797 mortuum

405 3826 830 3900 compellantis:
872 3825 987 3896 „da
1011 3827 1266 3904 veniam,
1293 3827 1343 3887 si
1385 3827 1563 3902 quid
1603 3844 1867 3888 sensus
1909 3835 2087 3901 post
2124 3827 2290 3890 fata
2328 3833 2684 3893 relictum

405 3921 553 3982 est.”
614 3922 950 3981 V1112749.

487 4020 548 4091 3)
586 4016 789 4078 Phars.
831 4018 1118 4078 V11247o
1139 4034 1226 4093 sq.

485 4116 549 4184 4)
594 4111 680 4172 Cf.
726 4113 996 4173 Haskins.
1037 4130 1132 4189 pg.
1177 4119 1327 4190 250,
1372 4114 1470 4188 qui
1512 4112 1710 4174 Senec.
1754 4114 1903 4175 Dial.
1944 4114 2096 4175 XII:
2124 4121 2295 4177 1322
2336 4117 2532 4195 affert,
2579 4121 2696 4195 „Si

404 4208 663 4267 ultimum
704 4209 853 4268 diem
892 4226 1010 4268 non
1051 4211 1215 4283 quasi
1254 4226 1496 4285 poenam
1537 4209 1639 4270 sed
1678 4212 1843 4284 quasi
1881 4217 2123 4272 naturae
2160 4213 2344 4287 legem
2371 4215 2680 4291 adspicis'’‚

404 4309 511 4363 etc.
567 4303 657 4364 cf.
709 4305 911 4365 Phars.
968 4305 1144 4365 VIII:
1170 4311 1319 4366 3953
1347 4324 1351 4329 ·
1381 4312 1519 4377 „tua
1565 4322 1690 4367 sors
1729 4307 1941 4384 levior,
1982 4309 2249 4382 quoniam
2290 4325 2443 4371 mors
2484 4312 2682 4373 ultima

402 4414 590 4475 poena
628 4399 778 4461 est.’'

2454 4521 2483 4569 8
