3434 5159
1461 321 1615 396 ‚47

431 548 708 618 sitatem
767 565 1003 615 rerum
1066 544 1382 613 omnium
1446 543 1942 631 actionumque
1961 596 1978 630 ,
2043 542 2321 631 qualem
2372 544 2565 614 nulla
2609 544 2714 614 vis

433 654 781 743 rumpat.''
814 650 874 741 1)
1653 656 1660 662 ’

529 758 771 828 Cicero
836 762 1070 827 autem
1136 757 1345 825 etiam
1407 755 1801 823 accuratius
1863 755 2400 824 circumscribit:
2454 755 2719 842 „fatum

438 863 710 953 appello
757 863 1075 931 ordinem
1135 862 1526 949 seriemque
1574 879 1980 946 causarum,
2030 880 2193 929 cum
2227 880 2475 929 causae
2508 880 2721 929 causa

434 987 651 1054 nexa,
722 987 874 1035 rem
937 987 1022 1035 ex
1084 986 1158 1035 se
1219 966 1476 1055 gignat.
1585 964 1685 1032 Ea
1747 971 1850 1033 est
1911 955 1996 1033 ex
2058 966 2252 1033 omni
2314 966 2721 1035 aeternitate

438 1074 665 1142 fluens
719 1073 971 1141 veritas
1017 1072 1442 1160 sempiterna
1492 1123 1507 1137 .
1558 1123 1572 1138 .
1627 1121 1640 1137 .
1694 1123 1709 1138 .
1802 1070 1907 1137 Ex
1953 1090 2090 1158 quo
2136 1070 2594 1160 intellegitur,
2644 1076 2723 1139 ut

440 1180 661 1248 fatum
709 1179 833 1264 sit,
882 1196 1025 1246 non
1071 1176 1143 1245 id
1191 1175 1378 1264 quod
1423 1176 1927 1263 superstitiose,
1967 1175 2088 1243 sed
2119 1175 2191 1243 id
2222 1175 2409 1264 quod
2443 1174 2723 1264 physice

434 1284 719 1369 dicitur,
772 1301 982 1352 causa
1030 1285 1311 1350 aeterna
1354 1300 1594 1348 rerum
1612 1331 1630 1364 ,
1680 1299 1807 1348 cur
1854 1285 1921 1348 et
1968 1300 2050 1348 ea
2069 1332 2086 1365 ‚
2137 1299 2317 1368 quae
2348 1281 2723 1369 praeterie-

435 1398 634 1475 runt,
684 1387 865 1456 facta
909 1386 1083 1472 sint,
1120 1390 1187 1453 et
1218 1404 1398 1474 quae
1428 1385 1727 1469 instant,
1761 1383 1963 1471 fiant,
2001 1390 2068 1453 et
2102 1403 2283 1473 quae
2315 1390 2722 1473 sequuntur,

437 1494 674 1563 futura
718 1494 878 1561 sint.
972 1491 1158 1560 Fieri
1203 1491 1415 1581 igitur
1460 1490 1695 1557 omnia
1744 1488 1882 1557 fato
1927 1490 2105 1558 ratio
2154 1490 2338 1578 cogit
2367 1489 2631 1559 fateri.'’
2662 1490 2721 1578 2)

529 1599 617 1667 Et
663 1597 830 1666 alibi
876 1597 1145 1666 Seneca
1190 1595 1523 1667 affirmat:
1572 1594 1897 1683 „qualem
1958 1594 2257 1663 dicimus
2289 1615 2438 1663 esse
2470 1596 2722 1663 seriem

440 1722 810 1772 causarum
828 1755 845 1789 ,
906 1722 994 1771 ex
1040 1702 1297 1791 quibus
1342 1700 1646 1769 nectitur
1689 1700 1910 1769 fatum
1927 1752 1944 1785 ,
1996 1699 2207 1768 talem
2254 1719 2404 1768 esse
2452 1699 2724 1788 cupidi·

439 1814 701 1877 tatum:
767 1808 979 1876 altera
1040 1826 1125 1875 ex
1175 1805 1316 1875 fine
1363 1805 1648 1876 alterius
1692 1805 2068 1874 nascitur.”
2097 1804 2157 1893 3)
2252 1804 2451 1873 Hanc
2498 1804 2723 1894 legem

447 1931 894 1982 communem
941 1918 1008 1981 et
1056 1918 1412 1980 aeternam
1458 1910 1672 1980 Stoici
1716 1910 1860 1980 iam
1905 1909 2247 1999 putabant
2293 1930 2443 1979 esse
2474 1909 2722 1979 mundi

445 2018 755 2086 universi
802 2017 1224 2106 principium
1286 2016 1592 2106 dirigens
1656 2014 1754 2104 (τὸ
1818 2013 2206 2105 ἡγεμονικόν),
2255 2015 2316 2105 4)
2380 2015 2728 2083 rationem

446 2124 688 2191 omnia
718 2121 1226 2212 gubernantem
1260 2122 1386 2209 (τὸν
1425 2121 1664 2210 λόγον),
1697 2122 2001 2209 denique
2034 2121 2457 2210 principium
2494 2120 2731 2188 omnia

445 2227 795 2312 efficienS,
846 2225 942 2315 (τὸ
991 2228 1211 2316 ποιοῦν)
1262 2225 1447 2316 quod
1495 2245 1708 2315 supra
1756 2224 1872 2314 (cf.
1921 2247 2034 2316 pg.
2081 2224 2201 2314 35)
2245 2227 2388 2295 iam
2420 2244 2730 2294 comme-

449 2333 896 2401 moravimus.
929 2331 989 2419 8)
1412 2411 1415 2416 ,

532 2435 616 2505 Et
675 2437 1021 2526 imprimis
1083 2438 1161 2505 in
1213 2436 1368 2505 luce
1429 2436 1787 2527 ponebant
1843 2437 1986 2504 vim
2045 2436 2167 2505 fati
2212 2434 2729 2505 ineluctabilem

447 2542 685 2610 omnia
752 2560 993 2611 secum
1061 2542 1400 2611 trahentis
1424 2597 1440 2626 ,
1522 2543 2041 2630 comparatione
2110 2542 2457 2619 instituta,
2534 2540 2732 2608 cuius

448 2647 553 2714 vis
611 2646 920 2735 quotidie
982 2648 1193 2715 etiam
1257 2646 1444 2736 apud
1505 2667 1632 2715 nos
1686 2649 1764 2715 in
1810 2647 1939 2716 viis
1986 2647 2205 2735 aspici
2249 2650 2511 2735 potest:
2561 2664 2726 2712 nam

450 2750 775 2819 dicebant
837 2751 1193 2821 hominem
1251 2753 1389 2821 fato
1436 2771 1681 2841 parere
1699 2806 1716 2838 ,
1766 2757 1846 2821 ut
1892 2771 2139 2821 canem
2158 2806 2176 2838 ,
2224 2751 2533 2840 plaustro
2582 2749 2731 2818 alli-

449 2862 685 2945 gatum
709 2905 729 2941 ‚
798 2857 861 2925 si
927 2859 1125 2946 sequi
1191 2858 1391 2944 velit,
1464 2864 1532 2926 et
1598 2858 1812 2925 trahi?
1852 2863 1918 2926 et
1986 2858 2220 2945 sequi,
2291 2875 2419 2926 sua
2487 2861 2733 2945 sponte

449 2961 841 3029 necessaria
899 2960 1303 3050 facientem,
1367 2964 1428 3031 si
1474 2966 1707 3033 autem
1756 2982 1902 3030 non
1948 2963 2146 3048 velit,
2195 2961 2414 3029 nihilo
2462 2961 2696 3029 minus
2714 3012 2731 3045 ‚

451 3066 662 3133 etiam
721 3065 1021 3135 invitum
1040 3119 1058 3152 ‚
1127 3073 1446 3136 coactum
1505 3068 1613 3136 iri.
1663 3066 1720 3155 ⁶)
1818 3066 2006 3148 Quin
2052 3067 2265 3136 etiam
2312 3066 2534 3134 fatum
2581 3084 2734 3132 esse

451 3169 674 3238 Deum
720 3171 953 3259 ipsum
1001 3172 1520 3241 asseverabant:
1569 3171 1691 3239 sed
1739 3176 1871 3239 hac
1917 3169 2003 3238 de
2048 3191 2124 3238 re
2169 3171 2372 3259 plura
2418 3175 2599 3259 post.

541 3273 850 3365 Longius
911 3294 951 3343 a
1012 3281 1247 3345 nostro
1312 3277 1664 3366 proposito
1731 3276 2212 3347 aberraremus
2230 3328 2248 3363 ‚
2297 3277 2359 3344 si
2404 3274 2737 3363 indagare

453 3398 865 3449 conaremur
882 3433 901 3468 ,
948 3386 1296 3471 quantum
1342 3382 1636 3451 valuerit
1679 3381 1855 3449 haec
1890 3381 2083 3449 notio
2113 3380 2265 3449 fati
2296 3379 2481 3470 apud
2514 3379 2735 3468 scrip·

534 3627 591 3699 1)
633 3623 765 3685 Seu.
809 3624 947 3686 Nat.
989 3624 1223 3698 Quaest.
1267 3629 1464 3684 2:36.
1664 3703 1669 3710 ι
1744 3628 1805 3698 2)
1848 3623 1966 3684 Cic.
2009 3624 2083 3685 de
2122 3621 2318 3685 Divin.
2363 3624 2736 3687 12552125.

532 3724 592 3794 3)
634 3719 773 3780 Seu.
826 3720 1015 3796 Epist.
1078 3725 1151 3781 19
1176 3739 1193 3781 z
1216 3725 1251 3781 5
1308 3719 1380 3780 cf.
1437 3720 1605 3809 Πίος.
1661 3718 1859 3780 Laert.
1900 3719 2047 3780 VII:
2074 3724 2188 3780 149
2249 3731 2396 3789 ..καθ’
2448 3730 2739 3793 εἱμαρμένην

453 3811 510 3863 δέ
553 3819 684 3877 φασι
731 3816 804 3865 τὰ
844 3814 1019 3866 πάντα
1054 3814 1307 3877 ylmooeaz
1351 3811 1482 3875 ’ίσῖι-ιξ
1518 3813 1574 3864 δε
1619 3815 1888 3877 εἱμαρμένη
1924 3813 2069 3864 αἶα-[αι
2104 3818 2205 3863 τῶν
2238 3814 2394 3863 ’όντων
2430 3812 2676 3876 εἰρομένη,
2710 3811 2739 3869 ἢ

452 3909 636 3971 λόγος,
671 3908 780 3959 καθ’
816 3910 867 3959 ὅν
904 3910 929 3959 ὁ
964 3913 1151 3972 κόσμος
1187 3908 1541 3976 διεξάγεται.”
1645 3899 1718 3958 cf.
1763 3899 1952 3960 Gell.
1991 3900 2201 3959 Noct.
2242 3898 2393 3957 ΑΜΖ.
2435 3896 2517 3955 VI
2539 3919 2553 3955 τ
2577 3901 2633 3955 2.

532 3997 593 4065 4)
636 3992 741 4053 Ott-
776 3994 956 4055 verba
1010 3994 1337 4070 Cleanthis,
1394 3994 1550 4069 apud
1601 3994 1859 4068 Epictet.
1912 3994 2150 4054 Euchir.
2210 3997 2286 4053 52
2345 4002 2514 4067 ..ἄγου
2557 4000 2614 4053 δέ
2647 3997 2740 4064 μ’ἕι

454 4088 576 4142 Ζεῦ,
610 4085 696 4136 καὶ
730 4085 797 4136 αὖ
831 4087 889 4150 γ’
921 4087 949 4144 ἧ
985 4088 1317 4150 Πεπρωμένη,
1356 4088 1468 4136 ὅποι
1502 4087 1611 4137 ποθ’
1648 4086 1763 4149 ὑμῖν
1800 4087 1901 4150 εἶμῒ
1937 4086 2372 4152 διατεταγμένος,
2412 4087 2518 4145 Ὧς
2552 4084 2741 4146 ἕψομαι

452 4166 714 4230 γ’ἄοκνοςι
752 4169 808 4228 ἢν
843 4168 895 4232 ὃ,
930 4170 997 4231 μὴ
1036 4169 1159 4220 θέλω
1194 4172 1348 4229 κακὸς
1385 4171 1678 4232 γενόμενος,
1710 4168 1850 4218 οὐδέν
1884 4164 2044 4226 ἦττον
2080 4169 2322 4231 ‘lampad‘

535 4254 597 4328 5)
640 4252 728 4314 Cf.
769 4253 992 4314 Philod.
1036 4255 1125 4315 De
1165 4255 1376 4315 Pietat.
1418 4270 1468 4314 c.
1519 4260 1611 4314 11.
1668 4254 1788 4315 Cic.
1828 4255 1901 4316 de
1942 4254 2078 4313 Nat.
2122 4253 2296 4313 Deor.
2337 4252 2403 4310 I:
2430 4256 2501 4312 15
2526 4269 2543 4310 ε
2567 4255 2662 4309 39.

538 4348 600 4423 6)
642 4348 731 4408 Cf.
771 4349 1012 4425 Hippol.
1051 4350 1270 4411 Philos.
1310 4350 1576 4410 Prooem.
1621 4354 1722 4411 21.
1763 4350 1933 4424 (Dux.
1977 4348 2080 4411 Gr.
2121 4351 2283 4421 571.)
