<?xml version="1.0" encoding="UTF-8"?>
<!DOCTYPE html PUBLIC "-//W3C//DTD XHTML 1.0 Transitional//EN"
    "http://www.w3.org/TR/xhtml1/DTD/xhtml1-transitional.dtd">
<html xmlns="http://www.w3.org/1999/xhtml" xml:lang="en" lang="en">
 <head>
  <title>
</title>
<meta http-equiv="Content-Type" content="text/html;charset=utf-8" />
  <meta name='ocr-system' content='tesseract 3.04.00' />
  <meta name='ocr-capabilities' content='ocr_page ocr_carea ocr_par ocr_line ocrx_word'/>
</head>
<body>
  <div class='ocr_page' id='page_1' title='image "./lucanisententia00millgoog_0015.png"; bbox 0 0 3434 5159; ppageno 0'>
   <div class='ocr_carea' id='block_1_1' title="bbox 1489 333 1536 401">
    <p class='ocr_par' dir='ltr' id='par_1_1' title="bbox 1489 333 1536 401">
     <span class='ocr_line' id='line_1_1' title="bbox 1489 333 1536 401; baseline 0 0"><span class='ocrx_word' id='word_1_1' title='bbox 1489 333 1536 401; x_wconf 85' lang='lat'><strong>3</strong></span> 
     </span>
    </p>
   </div>
   <div class='ocr_carea' id='block_1_2' title="bbox 363 555 2668 3900">
    <p class='ocr_par' dir='ltr' id='par_1_2' title="bbox 363 555 2662 1589">
     <span class='ocr_line' id='line_1_2' title="bbox 369 555 2657 644; baseline 0 -20"><span class='ocrx_word' id='word_1_2' title='bbox 369 562 608 625; x_wconf 90' lang='lat' dir='ltr'>contra</span> <span class='ocrx_word' id='word_1_3' title='bbox 634 610 651 642; x_wconf 93' lang='lat'>,</span> <span class='ocrx_word' id='word_1_4' title='bbox 696 557 973 626; x_wconf 89' lang='lat' dir='ltr'>iuvenis</span> <span class='ocrx_word' id='word_1_5' title='bbox 1017 556 1300 644; x_wconf 90' lang='lat' dir='ltr'>ingenio</span> <span class='ocrx_word' id='word_1_6' title='bbox 1346 555 1743 623; x_wconf 85' lang='lat' dir='ltr'>vehementi</span> <span class='ocrx_word' id='word_1_7' title='bbox 1789 561 1860 623; x_wconf 86' lang='lat' dir='ltr'>et</span> <span class='ocrx_word' id='word_1_8' title='bbox 1904 555 2167 624; x_wconf 85' lang='lat' dir='ltr'>fervido</span> <span class='ocrx_word' id='word_1_9' title='bbox 2187 610 2205 643; x_wconf 92' lang='lat'>,</span> <span class='ocrx_word' id='word_1_10' title='bbox 2252 556 2472 624; x_wconf 93' lang='lat' dir='ltr'>nobili</span> <span class='ocrx_word' id='word_1_11' title='bbox 2504 556 2657 625; x_wconf 88' lang='lat' dir='ltr'>loco</span> 
     </span>
     <span class='ocr_line' id='line_1_3' title="bbox 367 659 2657 749; baseline 0 -20"><span class='ocrx_word' id='word_1_12' title='bbox 367 668 574 731; x_wconf 88' lang='lat' dir='ltr'>natus</span> <span class='ocrx_word' id='word_1_13' title='bbox 594 716 610 747; x_wconf 88' lang='lat'>,</span> <span class='ocrx_word' id='word_1_14' title='bbox 661 662 931 731; x_wconf 87' lang='lat' dir='ltr'>amicus</span> <span class='ocrx_word' id='word_1_15' title='bbox 977 661 1269 729; x_wconf 91' lang='lat' dir='ltr'>intimus</span> <span class='ocrx_word' id='word_1_16' title='bbox 1317 659 1640 747; x_wconf 90' lang='lat' dir='ltr'>Neronis,</span> <span class='ocrx_word' id='word_1_17' title='bbox 1693 660 2077 749; x_wconf 87' lang='lat' dir='ltr'>discipulus</span> <span class='ocrx_word' id='word_1_18' title='bbox 2112 666 2181 728; x_wconf 93' lang='lat' dir='ltr'>et</span> <span class='ocrx_word' id='word_1_19' title='bbox 2211 660 2394 730; x_wconf 89' lang='lat' dir='ltr'>filius</span> <span class='ocrx_word' id='word_1_20' title='bbox 2428 662 2657 729; x_wconf 82' lang='lat' dir='ltr'>fratris</span> 
     </span>
     <span class='ocr_line' id='line_1_4' title="bbox 364 764 2654 854; baseline -0 -20"><span class='ocrx_word' id='word_1_21' title='bbox 364 767 671 834; x_wconf 80' lang='lat' dir='ltr'>Senecae</span> <span class='ocrx_word' id='word_1_22' title='bbox 695 821 713 852; x_wconf 94' lang='lat'>,</span> <span class='ocrx_word' id='word_1_23' title='bbox 776 768 850 833; x_wconf 94' lang='lat' dir='ltr'>in</span> <span class='ocrx_word' id='word_1_24' title='bbox 913 766 1128 834; x_wconf 87' lang='lat' dir='ltr'>vitam</span> <span class='ocrx_word' id='word_1_25' title='bbox 1190 764 1669 833; x_wconf 82' lang='lat' dir='ltr'>turbulentam</span> <span class='ocrx_word' id='word_1_26' title='bbox 1717 765 1983 833; x_wconf 83' lang='lat' dir='ltr'>Rornae</span> <span class='ocrx_word' id='word_1_27' title='bbox 2029 785 2105 833; x_wconf 90' lang='lat' dir='ltr'>se</span> <span class='ocrx_word' id='word_1_28' title='bbox 2151 765 2654 854; x_wconf 87' lang='lat' dir='ltr'>praecipitans,</span> 
     </span>
     <span class='ocr_line' id='line_1_5' title="bbox 363 867 2657 958; baseline 0 -20"><span class='ocrx_word' id='word_1_29' title='bbox 363 872 516 939; x_wconf 89' lang='lat' dir='ltr'>sine</span> <span class='ocrx_word' id='word_1_30' title='bbox 601 871 814 940; x_wconf 91' lang='lat' dir='ltr'>dubio</span> <span class='ocrx_word' id='word_1_31' title='bbox 899 867 1231 939; x_wconf 82' lang='lat' dir='ltr'>facillime</span> <span class='ocrx_word' id='word_1_32' title='bbox 1320 869 1410 938; x_wconf 83' lang='lat' dir='ltr'>ab</span> <span class='ocrx_word' id='word_1_33' title='bbox 1489 869 1642 938; x_wconf 89' lang='lat' dir='ltr'>aliis</span> <span class='ocrx_word' id='word_1_34' title='bbox 1711 875 2135 957; x_wconf 80' lang='lat' dir='ltr'>commotuS‚</span> <span class='ocrx_word' id='word_1_35' title='bbox 2206 870 2657 958; x_wconf 86' lang='lat' dir='ltr'>opinionibus</span> 
     </span>
     <span class='ocr_line' id='line_1_6' title="bbox 365 974 2660 1064; baseline 0 -22"><span class='ocrx_word' id='word_1_36' title='bbox 365 976 765 1064; x_wconf 89' lang='lat' dir='ltr'>aequalium</span> <span class='ocrx_word' id='word_1_37' title='bbox 834 975 1149 1044; x_wconf 89' lang='lat' dir='ltr'>imbutus</span> <span class='ocrx_word' id='word_1_38' title='bbox 1220 980 1344 1043; x_wconf 88' lang='lat' dir='ltr'>est.</span> <span class='ocrx_word' id='word_1_39' title='bbox 1438 975 1591 1042; x_wconf 89' lang='lat' dir='ltr'>Iam</span> <span class='ocrx_word' id='word_1_40' title='bbox 1656 975 1734 1041; x_wconf 92' lang='lat' dir='ltr'>in</span> <span class='ocrx_word' id='word_1_41' title='bbox 1805 974 2162 1043; x_wconf 85' lang='lat' dir='ltr'>Pharsalia</span> <span class='ocrx_word' id='word_1_42' title='bbox 2229 975 2521 1064; x_wconf 90' lang='lat' dir='ltr'>legenda</span> <span class='ocrx_word' id='word_1_43' title='bbox 2584 977 2660 1043; x_wconf 92' lang='lat' dir='ltr'>in</span> 
     </span>
     <span class='ocr_line' id='line_1_7' title="bbox 363 1079 2660 1168; baseline -0 -20"><span class='ocrx_word' id='word_1_44' title='bbox 363 1080 601 1149; x_wconf 89' lang='lat' dir='ltr'>oculos</span> <span class='ocrx_word' id='word_1_45' title='bbox 649 1082 975 1166; x_wconf 85' lang='lat' dir='ltr'>incurrit,</span> <span class='ocrx_word' id='word_1_46' title='bbox 1023 1086 1103 1149; x_wconf 89' lang='lat' dir='ltr'>ut</span> <span class='ocrx_word' id='word_1_47' title='bbox 1149 1080 1475 1149; x_wconf 89' lang='lat' dir='ltr'>Lucanus</span> <span class='ocrx_word' id='word_1_48' title='bbox 1522 1098 1773 1168; x_wconf 90' lang='lat' dir='ltr'>poema</span> <span class='ocrx_word' id='word_1_49' title='bbox 1819 1079 2007 1148; x_wconf 87' lang='lat' dir='ltr'>haud</span> <span class='ocrx_word' id='word_1_50' title='bbox 2055 1081 2333 1168; x_wconf 91' lang='lat' dir='ltr'>epicum</span> <span class='ocrx_word' id='word_1_51' title='bbox 2368 1085 2436 1147; x_wconf 92' lang='lat' dir='ltr'>et</span> <span class='ocrx_word' id='word_1_52' title='bbox 2467 1086 2660 1148; x_wconf 92' lang='lat' dir='ltr'>tran-</span> 
     </span>
     <span class='ocr_line' id='line_1_8' title="bbox 366 1185 2660 1274; baseline -0.001 -20"><span class='ocrx_word' id='word_1_53' title='bbox 366 1185 663 1274; x_wconf 90' lang='lat' dir='ltr'>quillum</span> <span class='ocrx_word' id='word_1_54' title='bbox 681 1239 698 1272; x_wconf 94' lang='lat'>,</span> <span class='ocrx_word' id='word_1_55' title='bbox 749 1186 873 1255; x_wconf 91' lang='lat' dir='ltr'>sed</span> <span class='ocrx_word' id='word_1_56' title='bbox 904 1186 1313 1254; x_wconf 89' lang='lat' dir='ltr'>historicum</span> <span class='ocrx_word' id='word_1_57' title='bbox 1347 1190 1417 1253; x_wconf 93' lang='lat' dir='ltr'>et</span> <span class='ocrx_word' id='word_1_58' title='bbox 1446 1185 1743 1254; x_wconf 87' lang='lat' dir='ltr'>summis</span> <span class='ocrx_word' id='word_1_59' title='bbox 1776 1185 1995 1252; x_wconf 91' lang='lat' dir='ltr'>animi</span> <span class='ocrx_word' id='word_1_60' title='bbox 2019 1185 2660 1273; x_wconf 87' lang='lat' dir='ltr'>perturbationibus</span> 
     </span>
     <span class='ocr_line' id='line_1_9' title="bbox 367 1289 2661 1380; baseline 0 -23"><span class='ocrx_word' id='word_1_61' title='bbox 367 1291 697 1359; x_wconf 88' lang='lat' dir='ltr'>refertum</span> <span class='ocrx_word' id='word_1_62' title='bbox 720 1291 1061 1380; x_wconf 84' lang='lat' dir='ltr'>panxerit.</span> <span class='ocrx_word' id='word_1_63' title='bbox 1111 1290 1362 1358; x_wconf 91' lang='lat' dir='ltr'>Nonne</span> <span class='ocrx_word' id='word_1_64' title='bbox 1385 1290 1598 1379; x_wconf 86' lang='lat' dir='ltr'>igitur</span> <span class='ocrx_word' id='word_1_65' title='bbox 1627 1289 1828 1358; x_wconf 92' lang='lat' dir='ltr'>valde</span> <span class='ocrx_word' id='word_1_66' title='bbox 1859 1289 2220 1378; x_wconf 89' lang='lat' dir='ltr'>probabile</span> <span class='ocrx_word' id='word_1_67' title='bbox 2250 1295 2353 1357; x_wconf 87' lang='lat' dir='ltr'>est</span> <span class='ocrx_word' id='word_1_68' title='bbox 2378 1310 2661 1358; x_wconf 87' lang='lat' dir='ltr'>carmen</span> 
     </span>
     <span class='ocr_line' id='line_1_10' title="bbox 369 1395 2662 1484; baseline -0 -22"><span class='ocrx_word' id='word_1_69' title='bbox 369 1413 410 1462; x_wconf 93' lang='lat' dir='ltr'>a</span> <span class='ocrx_word' id='word_1_70' title='bbox 455 1395 577 1462; x_wconf 91' lang='lat' dir='ltr'>tali</span> <span class='ocrx_word' id='word_1_71' title='bbox 623 1401 826 1484; x_wconf 90' lang='lat' dir='ltr'>poeta</span> <span class='ocrx_word' id='word_1_72' title='bbox 875 1395 1300 1481; x_wconf 86' lang='lat' dir='ltr'>confectum,</span> <span class='ocrx_word' id='word_1_73' title='bbox 1352 1395 1612 1464; x_wconf 87' lang='lat' dir='ltr'>claram</span> <span class='ocrx_word' id='word_1_74' title='bbox 1652 1396 2036 1484; x_wconf 84' lang='lat' dir='ltr'>imaginem</span> <span class='ocrx_word' id='word_1_75' title='bbox 2070 1395 2466 1482; x_wconf 88' lang='lat' dir='ltr'>aequalium</span> <span class='ocrx_word' id='word_1_76' title='bbox 2500 1415 2662 1463; x_wconf 88' lang='lat' dir='ltr'>sen-</span> 
     </span>
     <span class='ocr_line' id='line_1_11' title="bbox 367 1499 1189 1589; baseline 0.001 -23"><span class='ocrx_word' id='word_1_77' title='bbox 367 1500 747 1569; x_wconf 89' lang='lat' dir='ltr'>tentiarum</span> <span class='ocrx_word' id='word_1_78' title='bbox 793 1499 1130 1589; x_wconf 91' lang='lat' dir='ltr'>praebere</span> <span class='ocrx_word' id='word_1_79' title='bbox 1152 1500 1189 1567; x_wconf 68' lang='lat'>‘2</span> 
     </span>
    </p>

    <p class='ocr_par' dir='ltr' id='par_1_3' title="bbox 368 1603 2668 3166">
     <span class='ocr_line' id='line_1_12' title="bbox 458 1603 2660 1693; baseline 0 -22"><span class='ocrx_word' id='word_1_80' title='bbox 458 1604 693 1672; x_wconf 91' lang='lat' dir='ltr'>Primo</span> <span class='ocrx_word' id='word_1_81' title='bbox 742 1611 811 1673; x_wconf 91' lang='lat' dir='ltr'>et</span> <span class='ocrx_word' id='word_1_82' title='bbox 856 1605 1164 1674; x_wconf 89' lang='lat' dir='ltr'>secundo</span> <span class='ocrx_word' id='word_1_83' title='bbox 1213 1604 1491 1674; x_wconf 89' lang='lat' dir='ltr'>saeculo</span> <span class='ocrx_word' id='word_1_84' title='bbox 1539 1625 1607 1693; x_wconf 89' lang='lat' dir='ltr'>p.</span> <span class='ocrx_word' id='word_1_85' title='bbox 1634 1603 1710 1673; x_wconf 83' lang='lat' dir='ltr'>C.</span> <span class='ocrx_word' id='word_1_86' title='bbox 1738 1625 1808 1672; x_wconf 89' lang='lat' dir='ltr'>n.</span> <span class='ocrx_word' id='word_1_87' title='bbox 1857 1605 2245 1673; x_wconf 90' lang='lat' dir='ltr'>sententiae</span> <span class='ocrx_word' id='word_1_88' title='bbox 2291 1604 2660 1673; x_wconf 90' lang='lat' dir='ltr'>hominum</span> 
     </span>
     <span class='ocr_line' id='line_1_13' title="bbox 369 1709 2661 1799; baseline 0 -22"><span class='ocrx_word' id='word_1_89' title='bbox 369 1710 455 1777; x_wconf 92' lang='lat' dir='ltr'>de</span> <span class='ocrx_word' id='word_1_90' title='bbox 480 1709 650 1778; x_wconf 82' lang='lat' dir='ltr'>deis</span> <span class='ocrx_word' id='word_1_91' title='bbox 696 1715 763 1779; x_wconf 89' lang='lat' dir='ltr'>et</span> <span class='ocrx_word' id='word_1_92' title='bbox 810 1710 1022 1779; x_wconf 90' lang='lat' dir='ltr'>rebus</span> <span class='ocrx_word' id='word_1_93' title='bbox 1070 1709 1323 1778; x_wconf 90' lang='lat' dir='ltr'>divinis</span> <span class='ocrx_word' id='word_1_94' title='bbox 1354 1710 1692 1799; x_wconf 90' lang='lat' dir='ltr'>paulatim</span> <span class='ocrx_word' id='word_1_95' title='bbox 1728 1711 2088 1780; x_wconf 91' lang='lat' dir='ltr'>immutari</span> <span class='ocrx_word' id='word_1_96' title='bbox 2121 1710 2464 1779; x_wconf 86' lang='lat' dir='ltr'>videntur.</span> <span class='ocrx_word' id='word_1_97' title='bbox 2511 1709 2661 1778; x_wconf 90' lang='lat' dir='ltr'>Iam</span> 
     </span>
     <span class='ocr_line' id='line_1_14' title="bbox 368 1814 2665 1904; baseline 0 -22"><span class='ocrx_word' id='word_1_98' title='bbox 368 1815 798 1904; x_wconf 87' lang='lat' dir='ltr'>temporibus</span> <span class='ocrx_word' id='word_1_99' title='bbox 865 1814 1219 1884; x_wconf 85' lang='lat' dir='ltr'>Ciceronis</span> <span class='ocrx_word' id='word_1_100' title='bbox 1283 1816 1612 1904; x_wconf 92' lang='lat' dir='ltr'>opinione</span> <span class='ocrx_word' id='word_1_101' title='bbox 1679 1816 1766 1883; x_wconf 87' lang='lat' dir='ltr'>de</span> <span class='ocrx_word' id='word_1_102' title='bbox 1828 1816 1975 1883; x_wconf 91' lang='lat' dir='ltr'>deis</span> <span class='ocrx_word' id='word_1_103' title='bbox 2040 1815 2328 1904; x_wconf 88' lang='lat' dir='ltr'>antiqua</span> <span class='ocrx_word' id='word_1_104' title='bbox 2373 1815 2665 1884; x_wconf 90' lang='lat' dir='ltr'>subruta</span> 
     </span>
     <span class='ocr_line' id='line_1_15' title="bbox 370 1918 2660 2009; baseline 0 -22"><span class='ocrx_word' id='word_1_105' title='bbox 370 1925 435 1989; x_wconf 89' lang='lat' dir='ltr'>et</span> <span class='ocrx_word' id='word_1_106' title='bbox 494 1920 774 1988; x_wconf 90' lang='lat' dir='ltr'>labante</span> <span class='ocrx_word' id='word_1_107' title='bbox 835 1921 1207 1990; x_wconf 91' lang='lat' dir='ltr'>hominum</span> <span class='ocrx_word' id='word_1_108' title='bbox 1253 1920 1539 2009; x_wconf 89' lang='lat' dir='ltr'>quidem</span> <span class='ocrx_word' id='word_1_109' title='bbox 1586 1920 2025 1990; x_wconf 86' lang='lat' dir='ltr'>excultorum</span> <span class='ocrx_word' id='word_1_110' title='bbox 2071 1920 2420 1988; x_wconf 89' lang='lat' dir='ltr'>vacillavit</span> <span class='ocrx_word' id='word_1_111' title='bbox 2451 1918 2622 1988; x_wconf 88' lang='lat' dir='ltr'>fides</span> <span class='ocrx_word' id='word_1_112' title='bbox 2643 1975 2660 2009; x_wconf 88' lang='lat'>,</span> 
     </span>
     <span class='ocr_line' id='line_1_16' title="bbox 370 2024 2666 2114; baseline 0 -23"><span class='ocrx_word' id='word_1_113' title='bbox 370 2025 595 2113; x_wconf 91' lang='lat' dir='ltr'>primo</span> <span class='ocrx_word' id='word_1_114' title='bbox 643 2031 875 2093; x_wconf 91' lang='lat' dir='ltr'>autem</span> <span class='ocrx_word' id='word_1_115' title='bbox 923 2025 1202 2094; x_wconf 89' lang='lat' dir='ltr'>saeculo</span> <span class='ocrx_word' id='word_1_116' title='bbox 1247 2046 1317 2114; x_wconf 90' lang='lat' dir='ltr'>p.</span> <span class='ocrx_word' id='word_1_117' title='bbox 1353 2024 1427 2094; x_wconf 90' lang='lat' dir='ltr'>C.</span> <span class='ocrx_word' id='word_1_118' title='bbox 1461 2046 1532 2093; x_wconf 92' lang='lat' dir='ltr'>n.</span> <span class='ocrx_word' id='word_1_119' title='bbox 1590 2025 1932 2094; x_wconf 88' lang='lat' dir='ltr'>dubitatio</span> <span class='ocrx_word' id='word_1_120' title='bbox 1980 2026 2193 2094; x_wconf 85' lang='lat' dir='ltr'>etiam</span> <span class='ocrx_word' id='word_1_121' title='bbox 2238 2025 2313 2092; x_wconf 92' lang='lat' dir='ltr'>in</span> <span class='ocrx_word' id='word_1_122' title='bbox 2345 2025 2666 2092; x_wconf 91' lang='lat' dir='ltr'>homines</span> 
     </span>
     <span class='ocr_line' id='line_1_17' title="bbox 370 2127 2666 2219; baseline 0 -23"><span class='ocrx_word' id='word_1_123' title='bbox 370 2127 650 2197; x_wconf 84' lang='lat' dir='ltr'>infimos</span> <span class='ocrx_word' id='word_1_124' title='bbox 712 2131 1183 2218; x_wconf 88' lang='lat' dir='ltr'>penetravisse</span> <span class='ocrx_word' id='word_1_125' title='bbox 1244 2130 1518 2199; x_wconf 89' lang='lat' dir='ltr'>videtur</span> <span class='ocrx_word' id='word_1_126' title='bbox 1537 2182 1556 2217; x_wconf 95' lang='lat'>,</span> <span class='ocrx_word' id='word_1_127' title='bbox 1620 2130 1807 2218; x_wconf 89' lang='lat' dir='ltr'>quod</span> <span class='ocrx_word' id='word_1_128' title='bbox 1856 2130 2095 2199; x_wconf 84' lang='lat' dir='ltr'>multis</span> <span class='ocrx_word' id='word_1_129' title='bbox 2142 2130 2666 2219; x_wconf 85' lang='lat' dir='ltr'>epigrammatis</span> 
     </span>
     <span class='ocr_line' id='line_1_18' title="bbox 373 2233 2667 2324; baseline -0 -22"><span class='ocrx_word' id='word_1_130' title='bbox 373 2233 874 2322; x_wconf 87' lang='lat' dir='ltr'>sepulcralibus</span> <span class='ocrx_word' id='word_1_131' title='bbox 957 2235 1293 2322; x_wconf 89' lang='lat' dir='ltr'>probatur</span> <span class='ocrx_word' id='word_1_132' title='bbox 1325 2234 1406 2324; x_wconf 88' lang='grc'>1).</span> <span class='ocrx_word' id='word_1_133' title='bbox 1527 2234 1665 2304; x_wconf 87' lang='lat' dir='ltr'>Sed</span> <span class='ocrx_word' id='word_1_134' title='bbox 1733 2235 1795 2302; x_wconf 91' lang='lat' dir='ltr'>si</span> <span class='ocrx_word' id='word_1_135' title='bbox 1862 2254 2093 2303; x_wconf 88' lang='lat' dir='ltr'>mores</span> <span class='ocrx_word' id='word_1_136' title='bbox 2166 2240 2235 2302; x_wconf 91' lang='lat' dir='ltr'>et</span> <span class='ocrx_word' id='word_1_137' title='bbox 2302 2235 2667 2323; x_wconf 83' lang='lat' dir='ltr'>ingenium</span> 
     </span>
     <span class='ocr_line' id='line_1_19' title="bbox 373 2339 2662 2428; baseline 0 -21"><span class='ocrx_word' id='word_1_138' title='bbox 373 2339 769 2408; x_wconf 90' lang='lat' dir='ltr'>Romanum</span> <span class='ocrx_word' id='word_1_139' title='bbox 833 2340 907 2406; x_wconf 94' lang='lat' dir='ltr'>in</span> <span class='ocrx_word' id='word_1_140' title='bbox 969 2346 1281 2408; x_wconf 87' lang='lat' dir='ltr'>mentem</span> <span class='ocrx_word' id='word_1_141' title='bbox 1336 2340 1815 2427; x_wconf 38' lang='lat' dir='ltr'>*revocaverim</span> <span class='ocrx_word' id='word_1_142' title='bbox 1865 2340 2103 2409; x_wconf 91' lang='lat' dir='ltr'>omnia</span> <span class='ocrx_word' id='word_1_143' title='bbox 2151 2340 2439 2428; x_wconf 83' lang='lat' dir='ltr'>antiqua</span> <span class='ocrx_word' id='word_1_144' title='bbox 2485 2340 2662 2407; x_wconf 90' lang='lat' dir='ltr'>mire</span> 
     </span>
     <span class='ocr_line' id='line_1_20' title="bbox 376 2443 2663 2534; baseline 0 -23"><span class='ocrx_word' id='word_1_145' title='bbox 376 2443 670 2533; x_wconf 87' lang='lat' dir='ltr'>diligens</span> <span class='ocrx_word' id='word_1_146' title='bbox 732 2450 801 2512; x_wconf 93' lang='lat' dir='ltr'>et</span> <span class='ocrx_word' id='word_1_147' title='bbox 863 2464 1282 2513; x_wconf 89' lang='lat' dir='ltr'>conservans</span> <span class='ocrx_word' id='word_1_148' title='bbox 1300 2498 1317 2532; x_wconf 91' lang='lat'>,</span> <span class='ocrx_word' id='word_1_149' title='bbox 1383 2445 1486 2513; x_wconf 92' lang='lat' dir='ltr'>nil</span> <span class='ocrx_word' id='word_1_150' title='bbox 1540 2445 1802 2515; x_wconf 89' lang='lat' dir='ltr'>mirum</span> <span class='ocrx_word' id='word_1_151' title='bbox 1848 2446 1908 2513; x_wconf 93' lang='lat' dir='ltr'>si</span> <span class='ocrx_word' id='word_1_152' title='bbox 1955 2445 2434 2534; x_wconf 89' lang='lat' dir='ltr'>philosophiae</span> <span class='ocrx_word' id='word_1_153' title='bbox 2474 2444 2663 2513; x_wconf 88' lang='lat' dir='ltr'>Stoi-</span> 
     </span>
     <span class='ocr_line' id='line_1_21' title="bbox 375 2549 2666 2639; baseline 0 -23"><span class='ocrx_word' id='word_1_154' title='bbox 375 2567 615 2618; x_wconf 91' lang='lat' dir='ltr'>corum</span> <span class='ocrx_word' id='word_1_155' title='bbox 662 2555 728 2617; x_wconf 84' lang='lat' dir='ltr'>et</span> <span class='ocrx_word' id='word_1_156' title='bbox 778 2550 1321 2639; x_wconf 87' lang='lat' dir='ltr'>Epicureorum,</span> <span class='ocrx_word' id='word_1_157' title='bbox 1370 2570 1582 2639; x_wconf 91' lang='lat' dir='ltr'>quam</span> <span class='ocrx_word' id='word_1_158' title='bbox 1628 2550 1953 2619; x_wconf 91' lang='lat' dir='ltr'>homines</span> <span class='ocrx_word' id='word_1_159' title='bbox 2000 2550 2262 2619; x_wconf 86' lang='lat' dir='ltr'>exculti</span> <span class='ocrx_word' id='word_1_160' title='bbox 2308 2549 2666 2638; x_wconf 83' lang='lat' dir='ltr'>amplexa-</span> 
     </span>
     <span class='ocr_line' id='line_1_22' title="bbox 370 2653 2666 2745; baseline 0 -23"><span class='ocrx_word' id='word_1_161' title='bbox 370 2653 661 2741; x_wconf 83' lang='lat' dir='ltr'>bantur,</span> <span class='ocrx_word' id='word_1_162' title='bbox 710 2655 967 2724; x_wconf 90' lang='lat' dir='ltr'>multos</span> <span class='ocrx_word' id='word_1_163' title='bbox 1014 2675 1139 2744; x_wconf 90' lang='lat' dir='ltr'>per</span> <span class='ocrx_word' id='word_1_164' title='bbox 1186 2674 1408 2723; x_wconf 90' lang='lat' dir='ltr'>annos</span> <span class='ocrx_word' id='word_1_165' title='bbox 1454 2655 1671 2724; x_wconf 90' lang='lat' dir='ltr'>immo</span> <span class='ocrx_word' id='word_1_166' title='bbox 1717 2676 1844 2745; x_wconf 87' lang='lat' dir='ltr'>per</span> <span class='ocrx_word' id='word_1_167' title='bbox 1874 2656 2185 2743; x_wconf 88' lang='lat' dir='ltr'>saecula,</span> <span class='ocrx_word' id='word_1_168' title='bbox 2226 2676 2389 2725; x_wconf 90' lang='lat' dir='ltr'>cum</span> <span class='ocrx_word' id='word_1_169' title='bbox 2420 2675 2666 2745; x_wconf 88' lang='lat' dir='ltr'>super-</span> 
     </span>
     <span class='ocr_line' id='line_1_23' title="bbox 372 2759 2668 2850; baseline 0.001 -24"><span class='ocrx_word' id='word_1_170' title='bbox 372 2759 650 2827; x_wconf 87' lang='lat' dir='ltr'>stitione</span> <span class='ocrx_word' id='word_1_171' title='bbox 711 2760 982 2850; x_wconf 86' lang='lat' dir='ltr'>vulgari</span> <span class='ocrx_word' id='word_1_172' title='bbox 1059 2760 1469 2830; x_wconf 87' lang='lat' dir='ltr'>certandum</span> <span class='ocrx_word' id='word_1_173' title='bbox 1532 2760 1697 2847; x_wconf 89' lang='lat' dir='ltr'>fuit,</span> <span class='ocrx_word' id='word_1_174' title='bbox 1745 2761 1970 2829; x_wconf 90' lang='lat' dir='ltr'>donec</span> <span class='ocrx_word' id='word_1_175' title='bbox 2021 2761 2175 2850; x_wconf 89' lang='lat' dir='ltr'>ipsa</span> <span class='ocrx_word' id='word_1_176' title='bbox 2222 2763 2301 2829; x_wconf 94' lang='lat' dir='ltr'>in</span> <span class='ocrx_word' id='word_1_177' title='bbox 2346 2762 2572 2830; x_wconf 89' lang='lat' dir='ltr'>vicem</span> <span class='ocrx_word' id='word_1_178' title='bbox 2627 2781 2668 2829; x_wconf 89' lang='lat' dir='ltr'>a</span> 
     </span>
     <span class='ocr_line' id='line_1_24' title="bbox 372 2853 2665 2955; baseline 0.002 -24"><span class='ocrx_word' id='word_1_179' title='bbox 372 2865 704 2955; x_wconf 88' lang='lat' dir='ltr'>religione</span> <span class='ocrx_word' id='word_1_180' title='bbox 754 2864 1147 2935; x_wconf 88' lang='lat' dir='ltr'>Christiana</span> <span class='ocrx_word' id='word_1_181' title='bbox 1194 2866 1374 2934; x_wconf 88' lang='lat' dir='ltr'>victa</span> <span class='ocrx_word' id='word_1_182' title='bbox 1406 2853 1529 2935; x_wconf 81' lang='lat' dir='ltr'>est.</span> <span class='ocrx_word' id='word_1_183' title='bbox 1586 2865 1674 2934; x_wconf 91' lang='lat' dir='ltr'>Et</span> <span class='ocrx_word' id='word_1_184' title='bbox 1719 2871 1799 2935; x_wconf 90' lang='lat' dir='ltr'>ut</span> <span class='ocrx_word' id='word_1_185' title='bbox 1831 2864 2043 2934; x_wconf 89' lang='lat' dir='ltr'>Stoici</span> <span class='ocrx_word' id='word_1_186' title='bbox 2078 2866 2315 2935; x_wconf 87' lang='lat' dir='ltr'>multis</span> <span class='ocrx_word' id='word_1_187' title='bbox 2344 2866 2421 2933; x_wconf 92' lang='lat' dir='ltr'>in</span> <span class='ocrx_word' id='word_1_188' title='bbox 2456 2866 2665 2935; x_wconf 88' lang='lat' dir='ltr'>rebus</span> 
     </span>
     <span class='ocr_line' id='line_1_25' title="bbox 372 2969 2665 3060; baseline 0.001 -23"><span class='ocrx_word' id='word_1_189' title='bbox 372 2971 773 3040; x_wconf 90' lang='lat' dir='ltr'>notionibus</span> <span class='ocrx_word' id='word_1_190' title='bbox 804 2971 1049 3060; x_wconf 89' lang='lat' dir='ltr'>priscis</span> <span class='ocrx_word' id='word_1_191' title='bbox 1073 2991 1148 3039; x_wconf 92' lang='lat' dir='ltr'>se</span> <span class='ocrx_word' id='word_1_192' title='bbox 1172 2970 1908 3060; x_wconf 88' lang='lat' dir='ltr'>accommodaverant,</span> <span class='ocrx_word' id='word_1_193' title='bbox 1931 2972 2033 3040; x_wconf 89' lang='lat' dir='ltr'>sic</span> <span class='ocrx_word' id='word_1_194' title='bbox 2057 2971 2373 3040; x_wconf 89' lang='lat' dir='ltr'>doctores</span> <span class='ocrx_word' id='word_1_195' title='bbox 2400 2969 2665 3040; x_wconf 85' lang='lat' dir='ltr'>Christ-</span> 
     </span>
     <span class='ocr_line' id='line_1_26' title="bbox 372 3075 2663 3166; baseline 0.001 -23"><span class='ocrx_word' id='word_1_196' title='bbox 372 3076 574 3143; x_wconf 89' lang='lat' dir='ltr'>ianae</span> <span class='ocrx_word' id='word_1_197' title='bbox 644 3076 998 3166; x_wconf 88' lang='lat' dir='ltr'>religionis</span> <span class='ocrx_word' id='word_1_198' title='bbox 1061 3077 1337 3165; x_wconf 88' lang='lat' dir='ltr'>saepius</span> <span class='ocrx_word' id='word_1_199' title='bbox 1383 3077 1865 3166; x_wconf 90' lang='lat' dir='ltr'>philosophiae</span> <span class='ocrx_word' id='word_1_200' title='bbox 1912 3078 2054 3145; x_wconf 92' lang='lat' dir='ltr'>vim</span> <span class='ocrx_word' id='word_1_201' title='bbox 2102 3075 2663 3165; x_wconf 83' lang='lat' dir='ltr'>experiebantur.</span> 
     </span>
    </p>

    <p class='ocr_par' dir='ltr' id='par_1_4' title="bbox 372 3180 2665 3900">
     <span class='ocr_line' id='line_1_27' title="bbox 463 3180 2665 3269; baseline 0 -21"><span class='ocrx_word' id='word_1_202' title='bbox 463 3180 600 3249; x_wconf 91' lang='lat' dir='ltr'>Sed</span> <span class='ocrx_word' id='word_1_203' title='bbox 660 3180 812 3249; x_wconf 91' lang='lat' dir='ltr'>fieri</span> <span class='ocrx_word' id='word_1_204' title='bbox 856 3201 1001 3250; x_wconf 91' lang='lat' dir='ltr'>non</span> <span class='ocrx_word' id='word_1_205' title='bbox 1046 3187 1273 3269; x_wconf 90' lang='lat' dir='ltr'>potest</span> <span class='ocrx_word' id='word_1_206' title='bbox 1316 3187 1395 3251; x_wconf 94' lang='lat' dir='ltr'>ut</span> <span class='ocrx_word' id='word_1_207' title='bbox 1442 3187 1767 3252; x_wconf 84' lang='lat' dir='ltr'>accurate</span> <span class='ocrx_word' id='word_1_208' title='bbox 1815 3182 2275 3250; x_wconf 87' lang='lat' dir='ltr'>constituatur</span> <span class='ocrx_word' id='word_1_209' title='bbox 2324 3186 2393 3248; x_wconf 95' lang='lat' dir='ltr'>et</span> <span class='ocrx_word' id='word_1_210' title='bbox 2437 3181 2665 3248; x_wconf 90' lang='lat' dir='ltr'>deter-</span> 
     </span>
     <span class='ocr_line' id='line_1_28' title="bbox 375 3286 2663 3377; baseline -0 -23"><span class='ocrx_word' id='word_1_211' title='bbox 375 3287 715 3372; x_wconf 89' lang='lat' dir='ltr'>minetur,</span> <span class='ocrx_word' id='word_1_212' title='bbox 799 3292 1145 3376; x_wconf 87' lang='lat' dir='ltr'>quatenus</span> <span class='ocrx_word' id='word_1_213' title='bbox 1221 3287 1342 3355; x_wconf 88' lang='lat' dir='ltr'>illa</span> <span class='ocrx_word' id='word_1_214' title='bbox 1419 3286 1759 3357; x_wconf 89' lang='lat' dir='ltr'>dubitatio</span> <span class='ocrx_word' id='word_1_215' title='bbox 1835 3286 2317 3377; x_wconf 87' lang='lat' dir='ltr'>philosophica</span> <span class='ocrx_word' id='word_1_216' title='bbox 2395 3291 2663 3354; x_wconf 89' lang='lat' dir='ltr'>veteres</span> 
     </span>
     <span class='ocr_line' id='line_1_29' title="bbox 375 3388 2665 3480; baseline 0 -21"><span class='ocrx_word' id='word_1_217' title='bbox 375 3391 739 3480; x_wconf 90' lang='lat' dir='ltr'>opiniones</span> <span class='ocrx_word' id='word_1_218' title='bbox 800 3391 1043 3480; x_wconf 89' lang='lat' dir='ltr'>populi</span> <span class='ocrx_word' id='word_1_219' title='bbox 1101 3393 1593 3478; x_wconf 81' lang='lat' dir='ltr'>summoverit3</span> <span class='ocrx_word' id='word_1_220' title='bbox 1656 3412 1824 3461; x_wconf 91' lang='lat' dir='ltr'>nam</span> <span class='ocrx_word' id='word_1_221' title='bbox 1886 3392 1948 3459; x_wconf 91' lang='lat' dir='ltr'>si</span> <span class='ocrx_word' id='word_1_222' title='bbox 2008 3388 2501 3459; x_wconf 90' lang='lat' dir='ltr'>difficillimum</span> <span class='ocrx_word' id='word_1_223' title='bbox 2560 3396 2665 3459; x_wconf 87' lang='lat' dir='ltr'>est</span> 
     </span>
     <span class='ocr_line' id='line_1_30' title="bbox 372 3495 2663 3586; baseline 0 -23"><span class='ocrx_word' id='word_1_224' title='bbox 372 3495 483 3564; x_wconf 88' lang='lat' dir='ltr'>his</span> <span class='ocrx_word' id='word_1_225' title='bbox 526 3496 958 3585; x_wconf 85' lang='lat' dir='ltr'>temporibus</span> <span class='ocrx_word' id='word_1_226' title='bbox 1004 3496 1445 3584; x_wconf 79' lang='lat' dir='ltr'>aequalibuS,</span> <span class='ocrx_word' id='word_1_227' title='bbox 1497 3517 1676 3586; x_wconf 91' lang='lat' dir='ltr'>quae</span> <span class='ocrx_word' id='word_1_228' title='bbox 1723 3498 1812 3565; x_wconf 86' lang='lat' dir='ltr'>sit</span> <span class='ocrx_word' id='word_1_229' title='bbox 1851 3496 1937 3565; x_wconf 93' lang='lat' dir='ltr'>de</span> <span class='ocrx_word' id='word_1_230' title='bbox 1969 3496 2225 3564; x_wconf 87' lang='lat' dir='ltr'>divinis</span> <span class='ocrx_word' id='word_1_231' title='bbox 2255 3495 2468 3564; x_wconf 90' lang='lat' dir='ltr'>rebus</span> <span class='ocrx_word' id='word_1_232' title='bbox 2499 3515 2663 3564; x_wconf 89' lang='lat' dir='ltr'>sen-</span> 
     </span>
     <span class='ocr_line' id='line_1_31' title="bbox 376 3598 2660 3692; baseline 0 -24"><span class='ocrx_word' id='word_1_233' title='bbox 376 3600 594 3668; x_wconf 85' lang='lat' dir='ltr'>tentia</span> <span class='ocrx_word' id='word_1_234' title='bbox 640 3600 932 3669; x_wconf 88' lang='lat' dir='ltr'>alicuius</span> <span class='ocrx_word' id='word_1_235' title='bbox 977 3601 1249 3689; x_wconf 92' lang='lat' dir='ltr'>populi,</span> <span class='ocrx_word' id='word_1_236' title='bbox 1299 3621 1755 3692; x_wconf 85' lang='lat' dir='ltr'>cognoscere,</span> <span class='ocrx_word' id='word_1_237' title='bbox 1804 3607 2068 3690; x_wconf 89' lang='lat' dir='ltr'>quanto</span> <span class='ocrx_word' id='word_1_238' title='bbox 2115 3598 2468 3669; x_wconf 86' lang='lat' dir='ltr'>difficilius</span> <span class='ocrx_word' id='word_1_239' title='bbox 2499 3619 2660 3668; x_wconf 91' lang='lat' dir='ltr'>sen-</span> 
     </span>
     <span class='ocr_line' id='line_1_32' title="bbox 375 3703 2664 3796; baseline 0 -24"><span class='ocrx_word' id='word_1_240' title='bbox 375 3705 668 3773; x_wconf 88' lang='lat' dir='ltr'>tentiam</span> <span class='ocrx_word' id='word_1_241' title='bbox 728 3705 1211 3776; x_wconf 87' lang='lat' dir='ltr'>Romanorum</span> <span class='ocrx_word' id='word_1_242' title='bbox 1269 3708 1483 3796; x_wconf 91' lang='lat' dir='ltr'>primi</span> <span class='ocrx_word' id='word_1_243' title='bbox 1544 3706 1842 3792; x_wconf 87' lang='lat' dir='ltr'>saeculi,</span> <span class='ocrx_word' id='word_1_244' title='bbox 1908 3725 1995 3774; x_wconf 85' lang='lat' dir='ltr'>ex</span> <span class='ocrx_word' id='word_1_245' title='bbox 2059 3703 2460 3774; x_wconf 86' lang='lat' dir='ltr'>auctoribus</span> <span class='ocrx_word' id='word_1_246' title='bbox 2504 3724 2664 3793; x_wconf 89' lang='lat' dir='ltr'>per·</span> 
     </span>
     <span class='ocr_line' id='line_1_33' title="bbox 376 3809 2663 3900; baseline 0 -23"><span class='ocrx_word' id='word_1_247' title='bbox 376 3809 675 3898; x_wconf 81' lang='lat' dir='ltr'>spicere!</span> <span class='ocrx_word' id='word_1_248' title='bbox 733 3809 842 3878; x_wconf 88' lang='lat' dir='ltr'>Ad</span> <span class='ocrx_word' id='word_1_249' title='bbox 889 3831 1102 3900; x_wconf 89' lang='lat' dir='ltr'>quam</span> <span class='ocrx_word' id='word_1_250' title='bbox 1147 3831 1299 3882; x_wconf 86' lang='lat' dir='ltr'>rem</span> <span class='ocrx_word' id='word_1_251' title='bbox 1345 3810 1787 3881; x_wconf 85' lang='lat' dir='ltr'>efficiendam</span> <span class='ocrx_word' id='word_1_252' title='bbox 1831 3810 2206 3900; x_wconf 82' lang='lat' dir='ltr'>scriptores</span> <span class='ocrx_word' id='word_1_253' title='bbox 2250 3809 2439 3879; x_wconf 90' lang='lat' dir='ltr'>illius</span> <span class='ocrx_word' id='word_1_254' title='bbox 2485 3815 2663 3878; x_wconf 90' lang='lat' dir='ltr'>tem-</span> 
     </span>
    </p>
   </div>
   <div class='ocr_carea' id='block_1_3' title="bbox 385 3969 778 3979">
    <p class='ocr_par' dir='ltr' id='par_1_5' title="bbox 385 3969 778 3979">
     <span class='ocr_line' id='line_1_34' title="bbox 385 3969 778 3979; baseline 0 1180"><span class='ocrx_word' id='word_1_255' title='bbox 385 3969 778 3979; x_wconf 95' lang='lat' dir='ltr'> </span> 
     </span>
    </p>
   </div>
   <div class='ocr_carea' id='block_1_4' title="bbox 462 4027 2317 4136">
    <p class='ocr_par' dir='ltr' id='par_1_6' title="bbox 462 4027 2317 4136">
     <span class='ocr_line' id='line_1_35' title="bbox 462 4027 2317 4136; baseline -0.001 -17"><span class='ocrx_word' id='word_1_256' title='bbox 462 4027 521 4136; x_wconf 80' lang='grc'>1)</span> <span class='ocrx_word' id='word_1_257' title='bbox 564 4059 652 4120; x_wconf 83' lang='lat' dir='ltr'>cf.</span> <span class='ocrx_word' id='word_1_258' title='bbox 693 4059 1230 4120; x_wconf 64' lang='lat' dir='ltr'>Friedlander:</span> <span class='ocrx_word' id='word_1_259' title='bbox 1273 4058 1809 4134; x_wconf 84' lang='lat' dir='ltr'>Sittengeschichte.</span> <span class='ocrx_word' id='word_1_260' title='bbox 1868 4059 1973 4117; x_wconf 93' lang='lat'>111.</span> <span class='ocrx_word' id='word_1_261' title='bbox 2042 4074 2138 4132; x_wconf 84' lang='lat' dir='ltr'>pg.</span> <span class='ocrx_word' id='word_1_262' title='bbox 2183 4062 2317 4117; x_wconf 80' lang='lat'><strong>682.</strong></span> 
     </span>
    </p>
   </div>
   <div class='ocr_carea' id='block_1_5' title="bbox 378 4152 2666 4313">
    <p class='ocr_par' dir='ltr' id='par_1_7' title="bbox 378 4152 2666 4313">
     <span class='ocr_line' id='line_1_36' title="bbox 459 4152 2666 4230; baseline -0.004 -14"><span class='ocrx_word' id='word_1_263' title='bbox 459 4155 547 4218; x_wconf 79' lang='lat' dir='ltr'>Cf.</span> <span class='ocrx_word' id='word_1_264' title='bbox 588 4157 679 4220; x_wconf 76' lang='lat' dir='ltr'>his</span> <span class='ocrx_word' id='word_1_265' title='bbox 718 4157 791 4217; x_wconf 81' lang='lat' dir='ltr'>de</span> <span class='ocrx_word' id='word_1_266' title='bbox 830 4156 1032 4217; x_wconf 82' lang='lat' dir='ltr'>rebus:</span> <span class='ocrx_word' id='word_1_267' title='bbox 1074 4155 1147 4217; x_wconf 84' lang='lat' dir='ltr'>G.</span> <span class='ocrx_word' id='word_1_268' title='bbox 1185 4156 1566 4216; x_wconf 84' lang='lat' dir='ltr'>Boissier:</span> <span class='ocrx_word' id='word_1_269' title='bbox 1608 4154 1699 4216; x_wconf 81' lang='lat' dir='ltr'>La</span> <span class='ocrx_word' id='word_1_270' title='bbox 1736 4156 2002 4230; x_wconf 81' lang='lat' dir='ltr'>Religion</span> <span class='ocrx_word' id='word_1_271' title='bbox 2040 4152 2666 4224; x_wconf 80' lang='lat' dir='ltr'>Romained&#39;Auguste</span> 
     </span>
     <span class='ocr_line' id='line_1_37' title="bbox 378 4252 1254 4313; baseline -0.001 -1"><span class='ocrx_word' id='word_1_272' title='bbox 378 4269 488 4312; x_wconf 84' lang='lat' dir='ltr'>aux</span> <span class='ocrx_word' id='word_1_273' title='bbox 528 4252 835 4313; x_wconf 71' lang='lat' dir='ltr'>Antonine.</span> <span class='ocrx_word' id='word_1_274' title='bbox 897 4253 1031 4312; x_wconf 79' lang='lat' dir='ltr'>Par.</span> <span class='ocrx_word' id='word_1_275' title='bbox 1080 4256 1254 4312; x_wconf 86' lang='lat'>1884.</span> 
     </span>
    </p>
   </div>
   <div class='ocr_carea' id='block_1_6' title="bbox 458 4346 2467 4499">
    <p class='ocr_par' dir='ltr' id='par_1_8' title="bbox 458 4346 2467 4499">
     <span class='ocr_line' id='line_1_38' title="bbox 458 4346 2081 4408; baseline -0.001 -2"><span class='ocrx_word' id='word_1_276' title='bbox 458 4348 524 4407; x_wconf 89' lang='lat' dir='ltr'>P.</span> <span class='ocrx_word' id='word_1_277' title='bbox 566 4346 900 4408; x_wconf 78' lang='lat' dir='ltr'>Mont6e=</span> <span class='ocrx_word' id='word_1_278' title='bbox 943 4348 999 4407; x_wconf 88' lang='lat' dir='ltr'>le</span> <span class='ocrx_word' id='word_1_279' title='bbox 1039 4347 1341 4408; x_wconf 80' lang='lat' dir='ltr'>Stoicisme</span> <span class='ocrx_word' id='word_1_280' title='bbox 1381 4348 1419 4407; x_wconf 71' lang='lat' dir='ltr'>a</span> <span class='ocrx_word' id='word_1_281' title='bbox 1456 4347 1655 4408; x_wconf 86' lang='lat' dir='ltr'>Rome.</span> <span class='ocrx_word' id='word_1_282' title='bbox 1726 4347 1859 4406; x_wconf 84' lang='lat' dir='ltr'>Par.</span> <span class='ocrx_word' id='word_1_283' title='bbox 1906 4350 2081 4405; x_wconf 83' lang='grc'><strong>1865.</strong></span> 
     </span>
     <span class='ocr_line' id='line_1_39' title="bbox 2407 4453 2467 4499; baseline 0 -13"><span class='ocrx_word' id='word_1_284' title='bbox 2407 4453 2467 4499; x_wconf 75' lang='grc'>1*</span> 
     </span>
    </p>
   </div>
  </div>
 </body>
</html>
