3434 5159
1769 307 1905 377 102

879 537 1134 625 Roma,
1179 536 1351 624 tuis,
1402 556 1527 625 per
1572 554 1781 626 quem
1828 554 2214 625 numquam
2259 536 2488 605 iurare
2535 537 2818 626 pudebit

879 647 948 711 et
993 662 1200 731 quem
1219 696 1236 729 ‚
1283 641 1345 712 si
1386 642 1655 711 steteris
1699 660 2035 733 umquam
2083 642 2346 712 cervice
2391 643 2613 713 soluta
2634 697 2651 730 ,

879 769 1069 818 nunc
1113 748 1281 817 olim
1325 747 1590 818 factura
1635 747 1908 818 deum.''
1944 747 2000 837 l)

792 854 972 936 Quid
1032 855 1293 946 igiturv
1363 853 1624 924 Catone
1677 854 2073 944 depingitur
2119 860 2198 924 ut
2242 853 2512 926 Stoicus
2558 857 2962 946 gregarius‘?

704 961 1021 1048 Minime,
1051 961 1173 1030 sed
1203 961 1321 1030 ille
1351 961 1483 1047 vir,
1520 960 1694 1048 „deo
1726 961 2003 1051 plenuS‚
2038 982 2245 1051 quem
2276 964 2483 1031 tacita
2510 969 2747 1031 mente
2773 984 2967 1053 gere-

702 1068 884 1154 bat''‚
947 1072 1187 1157 poetae
1250 1071 1396 1136 tam
1442 1066 1753 1136 excelsus
1797 1067 2101 1155 videtur,
2151 1072 2342 1137 tanto
2388 1069 2701 1158 superior
2743 1069 2967 1139 homi-

704 1174 911 1243 nibus
986 1172 1381 1263 vulgaribus
1398 1227 1416 1261 ,
1485 1178 1564 1243 ut
1637 1172 1946 1260 oracula,
2019 1174 2272 1263 quibus
2342 1175 2537 1244 dubii
2606 1180 2675 1243 et
2742 1176 2970 1246 timidi

705 1285 941 1371 egent,
997 1279 1116 1348 ille
1160 1298 1487 1369 respuere
1532 1280 1767 1370 possit.
1858 1279 2064 1350 Putat
2108 1281 2306 1351 illum
2354 1282 2612 1364 virum,
2663 1282 2782 1371 qui
2829 1282 2968 1353 iam

705 1407 830 1478 per
872 1407 948 1455 se
994 1387 1318 1457 virtutem
1364 1392 1550 1456 amet
1593 1387 2099 1477 honestumque
2146 1389 2360 1475 colat,
2395 1389 2649 1458 indicia
2680 1390 2971 1460 deorum

705 1493 1105 1563 reicientem
1132 1546 1149 1579 ,
1237 1494 1446 1562 etiam
1521 1494 1743 1585 magis
1820 1495 2064 1563 ceteris
2138 1493 2538 1566 hominibus
2617 1503 2968 1585 praestare

707 1599 923 1669 videri
939 1652 957 1686 ,
1006 1600 1292 1689 eiusque
1349 1600 1674 1670 virtutem
1722 1619 1803 1668 eo
1850 1600 2055 1669 modo
2102 1601 2311 1669 etiam
2359 1603 2580 1692 magis
2612 1602 2831 1672 oculis
2863 1603 2971 1670 in-

708 1726 1003 1777 currere.
1096 1705 1284 1776 Haec
1345 1706 1555 1797 igitur
1615 1726 1825 1776 causa
1883 1727 2031 1776 esse
2092 1707 2362 1776 videtur
2379 1761 2396 1793 ‚
2463 1729 2586 1777 cur
2648 1708 2973 1779 Lucanus

707 1813 898 1881 illam
959 1812 1360 1902 opinionem
1419 1812 1506 1881 de
1565 1812 1864 1882 oraculis
1926 1812 2169 1881 Catoni
2233 1814 2623 1883 attribuerit
2670 1835 2974 1903 eumque

713 1939 755 1987 a
799 1938 926 1988 sua
969 1918 1186 2008 ipsius
1233 1917 1547 1987 doctrina
1593 1918 2115 1988 dissentientem
2163 1918 2531 1988 induxerit.
2603 1919 2750 1988 Hac
2796 1920 2870 1987 in
2900 1940 2975 1987 re

714 2031 897 2094 certe
941 2030 1186 2114 poetae
1234 2044 1378 2093 non
1423 2024 1866 2094 obiciendum
1885 2078 1901 2109 ‚
1951 2025 2136 2114 quod
2181 2024 2267 2093 de
2312 2025 2608 2095 oraculis
2660 2025 2795 2095 sibi
2834 2045 2973 2093 non

715 2135 1001 2201 constet.

308 2277 369 2319 D.
394 2274 560 2318 musi.
586 2275 626 2317 ᾗ..
802 2236 939 2307 Sed
1000 2241 1271 2328 praeter
1328 2237 1673 2328 prodigia,
1738 2237 1974 2306 omina
2019 2237 2433 2327 oraculaque
2452 2291 2468 2323 ‚
2520 2257 2697 2326 quae
2744 2237 2979 2306 omnia

307 2330 528 2372 ⁹¹¹⁸‘⁸⁸¹⁵⁸·
713 2344 922 2412 etiam
967 2343 1042 2412 in
1087 2341 1439 2412 Pharsalia
1485 2349 2151 2423 commemorantur,
2200 2344 2442 2421 Stoici,
2492 2344 2698 2434 vulgo
2743 2363 2978 2411 assen-

710 2451 958 2519 tientes
977 2503 994 2537 ‚
1033 2449 1371 2539 putabant
1401 2449 1688 2518 somniis
1720 2470 1995 2540 quoque
2025 2450 2255 2519 futura
2286 2470 2486 2540 posse
2517 2449 2895 2539 praenosci.
2926 2451 2977 2532 2)

715 2556 914 2638 Quod
981 2556 1133 2624 sine
1201 2555 1413 2625 dubio
1481 2556 1845 2625 Lucanum
1915 2555 2200 2625 adduxit
2264 2561 2343 2625 ut
2412 2544 2801 2641 somnium,
2867 2575 2975 2623 res

714 2663 979 2733 futuras
1047 2660 1445 2751 significans
1463 2715 1480 2746 ‚
1551 2662 1930 2731 narrationi
1997 2663 2368 2749 intexeret3
2440 2662 2560 2730 sed
2630 2662 2974 2750 imprimis

714 2771 846 2839 hoc
912 2768 1063 2837 loco
1130 2768 1491 2858 ingenium
1558 2767 1947 2857 Hispanum
1966 2822 1984 2856 ,
2050 2768 2328 2837 horrida
2396 2774 2602 2858 atque
2662 2767 2980 2836 inaudita

716 2879 1002 2966 captans
1016 2928 1035 2961 ‚
1085 2879 1387 2965 apparet.

804 2981 1175 3071 Pompeius
1235 2981 1422 3050 enim
1477 2980 1673 3050 Italia
1717 2980 2057 3050 decedens
2102 2986 2171 3050 et
2215 2983 2288 3049 in
2336 2981 2627 3071 Epirum
2675 2980 2944 3070 fugiens
2965 3033 2981 3063 ‚

718 3089 936 3160 oculis
981 3088 1057 3157 in
1086 3088 1384 3177 patriam
1417 3086 1602 3174 fixis,
1646 3107 1859 3177 quam
1890 3108 2276 3177 numquam
2308 3108 2547 3158 rursus
2580 3091 2984 3177 aspecturus

719 3200 934 3284 esset,
979 3194 1338 3285 paullatim
1377 3214 1623 3263 somno
1652 3194 2024 3284 soporifero
2058 3194 2490 3284 opprimitur.
2557 3193 2734 3262 Tum
2769 3191 2942 3262 Iulia
2961 3246 2979 3275 ‚

718 3302 860 3371 filia
922 3301 1233 3372 Caesaris
1288 3302 1613 3390 priorque
1673 3321 1880 3388 uxor,
1936 3321 2020 3369 ex
2064 3301 2305 3370 inferis
2350 3319 2631 3389 surgere
2678 3298 2854 3384 visa,
2906 3304 2987 3367 ut

722 3409 934 3478 altera
978 3408 1226 3496 Erinys
1273 3407 1602 3476 maritum
1648 3407 1876 3476 verbis
1920 3407 2312 3476 minacibus
2342 3411 2569 3475 terret.
2630 3405 2687 3474 E
2720 3405 2985 3495 campis

725 3514 970 3602 Elysiis
1003 3513 1090 3583 ad
1124 3513 1391 3603 Stygias
1414 3514 1735 3582 tenebras
1761 3518 2007 3600 tracta,
2036 3518 2427 3598 enumerat,
2457 3532 2634 3603 quae
2658 3510 2991 3579 terribilia

725 3623 798 3689 in
833 3620 1071 3688 inferis
1105 3619 1379 3708 viderit,
1412 3625 1649 3689 monet
1679 3620 1828 3690 eius
1857 3620 2203 3689 fortunam
2236 3620 2403 3688 toris
2434 3639 2585 3688 esse
2617 3623 2986 3704 mutatam,

726 3733 794 3796 et
857 3725 1117 3813 verbis,
1181 3724 1357 3795 Iulia
1414 3726 1700 3795 omnino
1762 3726 2100 3816 indignis,
2164 3726 2229 3794 ei
2293 3725 2594 3816 maligne
2640 3723 2952 3792 obiciens
2970 3775 2988 3809 ,

812 3987 872 4055 1)
914 3983 1115 4043 PharS.
1156 3983 1277 4041 IX:
1302 3985 1414 4041 601
1445 3996 1533 4054 sq.

810 4085 871 4154 2)
912 4079 1029 4139 Cic.
1083 4079 1154 4139 de
1206 4078 1381 4137 Divin
1432 4078 1720 4137 1:6212.
1790 4077 1954 4137 1:57
1981 4082 2151 4151 2129,
2229 4078 2598 4149 AristoteleS,
2641 4079 2779 4152 quin
2820 4081 2991 4138 etiam

731 4176 950 4235 Plinius
1008 4175 1198 4235 Maior
1256 4174 1370 4233 vim
1430 4172 1722 4234 fatidicam
1781 4174 2131 4235 somniorum
2189 4180 2560 4249 agnoverunt.
2642 4174 2729 4234 Of.
2790 4171 2994 4233 Fried-

729 4270 967 4331 lfinder:
1017 4269 1536 4349 Sittengeschichte
1573 4271 1659 4329 III
1697 4287 1792 4349 pg.
1836 4275 2109 4333 532—38
2125 4314 2142 4346 ,
2184 4272 2283 4350 qui
2321 4272 2501 4333 multa
2538 4271 2705 4331 valde
2743 4270 2994 4333 notanda

730 4367 916 4431 affert„
