3434 5159
1537 310 1627 387 55

445 542 626 613 Nam
698 564 857 613 cum
926 542 1147 611 fatum
1214 540 1390 608 nihil
1459 539 1647 608 aliud
1716 539 1806 606 sit
1874 559 2083 628 quam
2146 542 2357 609 series
2416 542 2721 631 implexa

447 668 851 731 causarum,
898 647 1014 714 ille
1064 652 1164 714 est
1214 645 1443 734 prima
1489 643 1807 712 omnium
1858 662 2102 729 causa,
2149 665 2232 711 ex
2277 665 2414 734 qua
2457 653 2725 725 ceterae

448 755 796 841 pendent’'
823 754 903 840 1).
998 751 1085 819 Et
1129 750 1362 841 paullo
1410 755 1598 838 post:
1656 747 2042 833 „Naturam
2099 767 2265 836 voca
2311 751 2545 837 illum,
2598 752 2725 840 (sc.

359 854 365 858 ’
450 857 703 946 Deum)
738 857 955 925 fatum
977 911 994 943 ,
1028 856 1410 924 fortunam:
1453 853 1689 921 omnia
1723 853 2033 921 eiusdem
2067 853 2192 921 Dei
2225 857 2510 923 nomina
2542 862 2724 940 sunt,

452 964 636 1030 varie
708 962 964 1029 utentis
1037 980 1163 1029 sua
1232 959 1612 1048 potestate''
1648 958 1731 1046 2).
1829 957 2020 1037 Quae
2086 958 2296 1026 verba
2361 960 2524 1027 alibi
2587 961 2727 1028 fere

449 1067 683 1133 iterat:
733 1065 896 1151 „Vis
942 1065 1141 1133 illum
1192 1064 1320 1153 (sc.
1367 1062 1624 1151 Deum)
1674 1062 1895 1131 fatum
1943 1064 2243 1132 vocare‘l
2338 1063 2494 1133 Non
2542 1086 2730 1133 erra-

451 1170 590 1256 bis,
640 1172 754 1238 hic
799 1175 934 1256 est,
994 1191 1079 1237 ex
1127 1190 1262 1258 quo
1309 1188 1648 1257 suspensa
1693 1174 1859 1237 sunt
1906 1169 2176 1254 omnia,
2228 1190 2435 1238 causa
2486 1191 2731 1238 causa-

453 1276 653 1343 rum”
686 1274 770 1364 3).

542 1378 786 1466 Neque
847 1379 1110 1447 Seneca
1171 1378 1691 1462 tantummode,
1751 1377 1873 1444 sed
1918 1379 2066 1466 ipse
2114 1379 2296 1446 Zeno
2344 1379 2526 1446 hanc
2572 1401 2732 1447 sen-

455 1485 740 1552 tentiam
786 1485 1137 1573 exprimit,
1184 1485 1245 1551 si
1276 1483 1675 1551 Tertuliano
1714 1480 1924 1549 fidem
1959 1483 2402 1570 adhibemuS‚
2438 1484 2727 1552 dicenti:

455 1589 707 1675 „Hunc
775 1589 963 1656 enim
1038 1587 1163 1677 (sc.
1235 1587 1438 1676 λόγου)
1513 1588 1694 1654 Zeno
1759 1587 2176 1655 determinat
2238 1589 2732 1676 factitatorem,

457 1695 577 1782 qui
639 1699 889 1761 cuncta
950 1695 1024 1760 in
1089 1693 1537 1782 dispositione
1584 1693 2008 1769 formaverit,
2062 1694 2363 1760 eundem
2403 1700 2469 1761 et
2513 1693 2731 1762 fatum

461 1799 693 1866 vocari
737 1804 806 1865 et
849 1798 1076 1866 Deum
1123 1804 1187 1865 et
1236 1799 1551 1866 animum
1588 1798 1766 1864 Iovis
1800 1803 1866 1864 et
1900 1798 2381 1865 necessitatem
2416 1801 2730 1867 omnium

457 1903 738 1971 rerum”
769 1902 854 1991 4).
949 1902 1137 1970 Alibi
1192 1907 1426 1970 autem
1474 1901 1742 1969 Seneca
1790 1902 1994 1968 etiam
2048 1902 2351 1989 apertius
2400 1905 2732 1991 ostendit,

463 2007 809 2094 quomodo
874 2007 1083 2074 deum
1148 2012 1217 2073 et
1276 2006 1493 2074 fatum
1541 2007 1724 2073 inter
1770 2026 1844 2072 se
1892 2006 2259 2073 cohaerere
2305 2007 2438 2074 sibi
2485 2008 2733 2097 fingat:

462 2111 627 2196 „Ille
690 2112 1008 2180 omnium
1072 2112 1386 2178 conditor
1448 2131 1530 2178 ac
1589 2117 1816 2178 rector
1879 2111 2155 2199 scripsit
2216 2112 2498 2199 quidem
2561 2113 2732 2198 fata,

462 2217 580 2282 sed
628 2217 974 2304 sequitur;
999 2236 1296 2304 ,semper
1326 2221 1551 2304 paret,
1586 2215 1802 2282 semel
1834 2215 2096 2282 iussit.’'
2123 2214 2179 2303 5)
2248 2216 2435 2285 Alibi
2466 2238 2733 2304 rursm,

464 2322 683 2405 magis
747 2319 1177 2404 dubitanter,
1247 2321 1479 2409 aliquo
1529 2319 1734 2387 modo
1783 2319 2001 2408 fatum
2051 2326 2119 2387 et
2164 2321 2389 2390 Deum
2437 2325 2618 2389 inter
2663 2344 2736 2390 se

463 2445 812 2512 opponere
878 2425 1180 2493 videtur:
1274 2425 1395 2509 „Id
1460 2431 1691 2493 actum
1758 2430 1895 2511 est,
1943 2426 2116 2491 mihi
2164 2427 2399 2512 crede,
2450 2428 2536 2495 ab
2584 2429 2734 2510 illo,

466 2529 778 2617 quisquis
824 2528 1156 2596 formator
1200 2530 1520 2597 Universi
1566 2528 1731 2612 fuit,
1781 2529 1926 2596 sive
1972 2530 2088 2596 ille
2136 2530 2320 2597 Deus
2361 2537 2462 2598 est
2493 2538 2738 2619 potens

461 2634 780 2701 omnium
815 2687 829 2703 .
869 2689 884 2703 .
920 2687 934 2702 .
984 2635 1128 2701 sive
1176 2634 1394 2702 fatum
1445 2640 1513 2701 et
1558 2633 1993 2703 inmutabilis
2043 2655 2411 2703 causarum
2452 2637 2634 2704 inter
2666 2658 2739 2704 se

459 2739 977 2807 cohaerentium
1026 2741 1302 2807 serieS.’'
1338 2739 1397 2828 ⁶)

544 2843 757 2911 Poeta
821 2850 1057 2912 noster
1119 2851 1352 2912 autem
1409 2845 1617 2912 etiam
1664 2845 1795 2912 hac
1843 2846 1917 2911 in
1964 2865 2039 2912 re
2086 2846 2423 2913 incertam
2472 2847 2740 2934 opinio-

460 2968 622 3017 nem
687 2950 1033 3038 exprimit.
1126 2949 1250 3017 Illo
1313 2950 1464 3017 loco
1530 2951 1754 3035 enim,
1812 2951 1953 3016 iam
2001 2970 2211 3038 supra
2258 2950 2565 3036 laudam,
2618 2952 2740 3019 ubi

460 3054 546 3120 de
593 3055 858 3143 origine
905 3054 1165 3122 oraculi
1211 3054 1481 3141 Pythici
1527 3055 1833 3142 quaerit,
1882 3055 1981 3121 sic
2028 3054 2230 3121 dixit:

550 3158 765 3240 „Quis
811 3163 1070 3226 terram
1118 3160 1285 3226 caeli
1337 3160 1595 3248 patitur
1641 3159 1847 3243 deuS,
1898 3159 2135 3225 omnia
2183 3179 2424 3227 cursus

549 3263 813 3331 aeterni
858 3269 1122 3332 secreta
1166 3269 1412 3331 tenens
1459 3264 1843 3351 mundique
1889 3263 2103 3330 futuri

551 3369 899 3454 consciuS,
954 3389 1034 3436 ac
1080 3369 1352 3458 populis
1399 3389 1548 3436 sese
1594 3367 1903 3457 proferre
1952 3372 2266 3456 paratus,

551 3478 1046 3561 contactusque
1092 3474 1321 3541 ferens
1366 3474 1735 3542 hominum
1783 3492 2218 3561 magnusque
2265 3477 2648 3562 potensque

462 3693 853 3702 ————-—

548 3861 606 3936 1)
649 3860 784 3920 Seu.
826 3861 899 3920 de
936 3859 1136 3919 Benef.
1180 3862 1433 3920 4:721.

545 3957 608 4032 2)
647 3955 784 4015 ibid.
828 3959 964 4015 4:23
990 3975 1006 4014 ε
1031 3960 1088 4014 2.

547 4051 608 4126 3)
651 4050 898 4111 Seneca:
942 4051 1048 4122 Qu.
1091 4049 1296 4110 Natur.
1339 4049 1573 4109 11:452
1611 4051 1665 4107 1.

546 4146 609 4222 4)
649 4146 810 4205 Tert.
848 4147 1091 4220 Apolog.
1133 4150 1230 4206 21.

547 4242 610 4316 5)
650 4240 816 4300 Sem:
857 4241 1081 4314 Dialog.
1124 4241 1370 4299 1:528.

552 4338 611 4410 6)
653 4336 788 4397 Seu.
831 4335 1000 4394 Cous.
1043 4335 1118 4395 ad
1158 4335 1324 4396 Helv.
1371 4339 1443 4393 8:
1471 4339 1527 4394 3.
