3434 5159
1570 370 1665 438 35

464 599 626 668 cani
672 587 761 667 ad
806 598 951 665 vim
998 596 1463 666 conscientiae
1508 596 1994 665 illustrandam
2027 607 2193 667 nata
2212 652 2231 686 ,
2263 599 2748 670 tantummodo

464 709 571 772 est
617 708 1112 771 ornamentum
1159 707 1228 770 et
1272 702 1583 769 inventio
1628 702 1934 790 poetica,
1983 722 2211 791 neque
2258 703 2474 772 ullam
2525 704 2754 774 lucem

466 808 555 876 ad
603 807 873 876 Lucani
921 807 1346 875 sententiam
1392 806 1480 874 de
1526 806 1675 875 deis
1722 806 1940 875 affert.

559 912 698 980 Sed
745 918 912 980 sunt
958 911 1095 980 alia
1140 911 1428 1000 vestigia
1464 910 1943 1000 philosophiae
1975 910 2249 980 Stoicae
2281 913 2501 982 multo
2533 916 2756 1004 magis

471 1018 842 1085 manifesta
860 1069 878 1097 ‚
942 1034 1123 1104 quae
1187 1015 1666 1084 demonstrant
1726 1022 2006 1104 poetam
2067 1016 2267 1086 illum
2330 1017 2564 1087 Iovem
2612 1025 2755 1088 tam

469 1142 681 1211 saepe
727 1125 1355 1190 commemoratum
1371 1173 1389 1206 ,
1457 1119 1593 1189 sibi
1636 1126 1718 1189 ut
1762 1119 1988 1189 Deum
2033 1122 2443 1192 universum
2492 1121 2758 1194 Stoico-

473 1248 636 1297 rum
704 1226 1140 1295 informasse.
1250 1224 1485 1293 Primo
1557 1231 1793 1294 autem
1862 1245 2075 1315 quam
2138 1226 2544 1297 brevissime
2606 1235 2761 1318 pot·

471 1334 766 1417 erimuS,
816 1332 1209 1400 doctrinam
1256 1329 1561 1400 Stoicam
1609 1331 1697 1399 de
1746 1338 1995 1401 natura
2028 1331 2156 1402 Dei
2188 1354 2649 1423 exponamUS,
2682 1341 2761 1404 ut

468 1438 814 1506 sententia
859 1437 1127 1506 Lucani
1171 1436 1477 1504 dilucida
1521 1434 1662 1505 fiat.

561 1543 774 1611 Stoici
819 1543 992 1627 iam,
1039 1547 1118 1611 ut
1162 1541 1510 1630 plerisque
1542 1546 1818 1628 notum,
1852 1543 2089 1611 omnia
2120 1545 2505 1634 corporalia
2539 1546 2752 1614 habe-

416 1703 426 1714 .
471 1649 642 1717 hant
660 1702 677 1733 ‚
741 1647 879 1716 duo
942 1651 1179 1715 autem
1242 1647 1586 1735 principia
1647 1666 1799 1715 esse
1864 1649 2409 1734 constituebant,
2461 1647 2755 1720 alterum

474 1753 778 1821 activum
796 1806 813 1837 ‚
881 1752 1068 1840 quod
1133 1751 1395 1841 aliquid
1458 1750 1704 1837 efficit,
1768 1753 1835 1817 τὸ
1892 1761 2082 1818 ποιοῦν
2101 1806 2119 1837 ,
2181 1755 2253 1823 id
2315 1762 2420 1823 est
2482 1756 2759 1826 animus

473 1857 747 1927 divinus
804 1858 1044 1925 omnia
1104 1861 1516 1945 penetranS,
1580 1856 1879 1926 alterum
1925 1860 2278 1947 passivum
2295 1914 2313 1947 ‚
2364 1862 2431 1925 τὸ
2477 1862 2716 1942 πάσχον
2733 1915 2751 1948 ,

472 1963 658 2052 quod
713 1962 1003 2031 materia
1049 1967 1336 2030 vocatur
1370 1961 1447 2051 1).
1542 1961 1771 2030 Etiam
1819 1962 2043 2032 Deum
2091 1964 2351 2053 aliquid
2400 1966 2755 2055 corporale

472 2068 825 2138 habebant
854 2120 871 2151 ,
943 2073 1024 2136 ut
1091 2066 1358 2135 Seneca
1427 2067 1536 2135 his
1603 2066 1833 2136 verbis
1900 2070 2277 2158 expressit:
2359 2069 2590 2156 „Quid
2658 2079 2760 2140 est

477 2173 702 2243 deus‘?
780 2172 980 2241 Mens
1024 2173 1370 2240 universa.
1451 2168 1633 2251 Quid
1680 2178 1786 2241 est
1822 2173 2046 2242 deus‘?
2092 2174 2279 2263 quod
2315 2175 2502 2244 vides
2533 2181 2757 2245 totum

482 2285 550 2347 et
596 2275 780 2368 quod
827 2298 972 2346 non
1018 2276 1276 2346 vides.’'
1303 2276 1361 2366 2)
1410 2277 1656 2346 Totam
1689 2283 2013 2347 naturam
2044 2280 2255 2369 igitur
2284 2279 2509 2349 Deum
2541 2279 2755 2350 hahe-

478 2384 681 2468 hant,
731 2383 914 2451 Zeno
961 2384 1151 2451 enim
1199 2382 1525 2469 „aethera
1570 2379 1783 2452 deum
1829 2382 2030 2470 dicit;
2080 2384 2232 2452 aliis
2280 2390 2516 2455 autern
2563 2386 2759 2456 libris

478 2490 822 2557 rationem
887 2487 1238 2577 quandam
1261 2541 1278 2575 ,
1344 2506 1467 2576 per
1531 2505 1815 2555 omnem
1878 2494 2200 2558 naturam
2263 2510 2499 2559 rerum
2547 2492 2758 2580 perti-

474 2601 795 2679 nentem,
846 2595 915 2660 vi
961 2593 1197 2662 divina
1244 2612 1394 2660 esse
1439 2586 1658 2681 puta't.
1709 2647 1726 2663 .
1778 2646 1794 2661 .
1845 2646 1860 2661 .
1911 2593 2280 2663 Cleanthes
2328 2601 2563 2664 autem
2601 2601 2753 2666 tum

474 2700 707 2792 ipsum
753 2698 1099 2766 mundum
1134 2697 1343 2766 deum
1375 2696 1542 2765 dicit
1573 2716 1724 2766 esse
1742 2751 1759 2783 ,
1792 2702 1945 2767 tum
1977 2699 2187 2768 totius
2217 2705 2504 2770 naturae
2535 2703 2755 2770 menti

475 2810 683 2892 atque
730 2804 967 2871 animo
1012 2802 1258 2871 tribuit
1303 2801 1434 2870 hoc
1481 2820 1777 2886 nomen,
1825 2807 1977 2872 tum
2027 2803 2354 2874 ultimum
2401 2812 2470 2875 et
2502 2806 2753 2876 altissi-

475 2928 672 2977 mum
742 2913 950 2996 atque
1007 2906 1318 2995 undique
1380 2906 1881 2977 circumfusum
1937 2914 2004 2976 et
2066 2913 2458 2979 extremum
2520 2913 2757 2981 omnia

477 3014 874 3104 cingentem
931 3017 1138 3101 atque
1186 3009 1627 3101 complexum
1675 3013 1994 3082 ardorem
2013 3067 2032 3101 ,
2079 3015 2201 3103 qui
2246 3015 2484 3084 aether
2529 3018 2756 3086 nomi-

475 3123 715 3204 netur,
773 3117 1237 3186 certissimum
1268 3116 1479 3185 deum
1526 3116 1854 3186 iudicat.”
1886 3118 1945 3208 ³)
1995 3117 2261 3188 Seneca
2308 3126 2544 3189 autem
2563 3174 2580 3208 ,
2629 3121 2757 3190 Dei

474 3229 798 3292 naturam
846 3239 1237 3312 exponenS.
1285 3221 1489 3290 dicit:
1538 3221 1709 3309 „Vis
1755 3221 1953 3292 illum
2002 3223 2237 3292 Iovem
2268 3244 2514 3294 vocare
2546 3247 2756 3295 mun·

476 3327 699 3397 dum‘?
769 3348 914 3395 non
981 3327 1257 3397 falleris,
1345 3327 1501 3416 Ipse
1565 3328 1758 3396 enim
1819 3333 1959 3417 est,
2021 3335 2246 3398 totum
2292 3331 2479 3420 quod
2525 3332 2752 3421 videS,

559 3628 618 3697 l)
639 3625 807 3699 Diog-
832 3629 864 3683 7
879 3642 896 3683 2
912 3627 1053 3685 1343
1076 3635 1313 3703 (,,φαο·ῒν)
1331 3634 1501 3700 ἀρχάς
1520 3632 1643 3686 dvm
1659 3641 1760 3685 τῶν
1781 3637 1907 3686 ὅλων
1921 3635 2027 3696 δύο,
2044 3639 2108 3688 τὸ
2127 3639 2294 3688 ποιοῦν
2310 3637 2397 3689 καὶ
2415 3640 2477 3689 τὸ
2496 3635 2755 3703 'ndo-xciv?

557 3720 645 3781 Cf.
687 3720 842 3780 Sext.
885 3726 921 3780 3
944 3739 962 3781 2
984 3724 1061 3780 38
1104 3737 1254 3796 σῶμα
1287 3735 1449 3784 τοίνυν
1486 3732 1711 3796 λέγουσί
1729 3751 1862 3792 τινες
1897 3735 1924 3784 ὃ
1958 3731 2053 3787 οἶόν
2087 3753 2149 3786 τε
2184 3739 2337 3787 ποιεῖν
2370 3737 2400 3796 ἢ
2434 3737 2671 3802 πάσχειν.

555 3815 644 3877 Cf.
684 3816 839 3876 Plut.
879 3816 969 3877 Pl.
1007 3816 1114 3877 Ph.
1157 3822 1196 3877 4
1219 3835 1237 3877 2
1258 3822 1335 3879 20
1376 3835 1478 3880 πᾶν
1511 3832 1574 3881 τὸ
1610 3829 1853 3895 δρώμενον
1887 3832 1917 3891 ἦ
1951 3833 2040 3883 καὶ
2071 3835 2237 3884 ποιοῦν
2272 3840 2436 3897 σῶμα.

556 3911 642 3972 Cf.
685 3911 905 3972 Seneca
941 3912 1132 3987 Epist.
1176 3918 1246 3972 65
1274 3918 1383 3975 22:
1424 3914 1651 3988 dicunt,
1696 3922 1764 3975 ut
1802 3918 1944 3991 scis,
1987 3918 2170 3978 Stoici
2210 3920 2394 3979 nostri
2414 3963 2432 3995 ,
2473 3919 2587 3998 dno
2628 3935 2753 3980 esse

471 4008 533 4066 in
588 4025 779 4067 rerum
839 4014 1047 4068 natura
1062 4052 1080 4082 ,
1144 4026 1215 4068 ex
1276 4009 1481 4083 quibus
1542 4012 1735 4071 omnia
1793 4009 1969 4072 fiant:
2034 4030 2262 4075 caueam
2317 4021 2379 4075 et
2415 4015 2755 4092 materiam3

472 4104 714 4163 materia
751 4105 904 4163 iacet
940 4104 1101 4163 iners
1116 4149 1134 4180 ‚
1176 4121 1270 4164 res
1311 4105 1385 4166 ad
1427 4107 1619 4166 omnia
1656 4113 1863 4181 parata
1876 4153 1894 4181 ‚
1935 4116 2228 4170 cessatura
2259 4111 2308 4170 si
2334 4126 2501 4170 nemo
2528 4116 2751 4187 movet3

473 4215 649 4260 causa
706 4205 925 4272 autem,
991 4200 1051 4259 id
1111 4206 1202 4259 est
1259 4202 1412 4261 ratio
1429 4245 1445 4273 ,
1498 4204 1799 4262 materiam
1851 4202 2063 4265 format
2117 4210 2177 4266 et
2217 4222 2557 4282 quocunque
2596 4208 2749 4276 vult,

472 4294 726 4355 versat.”
807 4293 895 4354 ef.
937 4295 1145 4354 Zeller.
1188 4296 1275 4355 111
1314 4314 1411 4372 pg.
1456 4303 1570 4358 116
1613 4314 1699 4373 sq.

555 4393 616 4463 2)
657 4389 789 4450 Sen.
832 4391 966 4451 Nat.
1012 4392 1132 4464 Qu:
1173 4392 1203 4450 I
1244 4395 1392 4468 prol.
1445 4398 1534 4453 12.
1661 4399 1720 4469 3)
1764 4393 1881 4456 cic.
1925 4381 1997 4456 de
2037 4396 2113 4457 N.
2155 4393 2225 4458 D.
2268 4397 2750 4459 1:14236-37.

2484 4509 2550 4559 3·
