3434 5159
1838 318 1928 386 24

744 538 1031 606 evidens
1077 540 1265 605 enim
1314 545 1449 624 est,
1499 544 1776 628 poetam
1822 541 2049 627 ipsum
2102 561 2245 608 non
2291 559 2621 630 magnam
2671 540 2879 608 fidem
2920 541 3022 608 illi

744 641 1004 709 Paeani
1052 643 1306 710 habere
1318 668 1338 720 3
1387 664 1552 712 nam
1586 650 1953 733 postquam
1990 645 2357 713 affirmavit
2389 646 2783 734 Apollinem
2818 646 3020 733 adyto

744 746 1144 816 incubuisse
1198 752 1565 836 vatemque
1619 749 1718 817 ibi
1772 749 2032 818 factum
2088 770 2266 835 esse,
2323 750 2590 835 statim,
2644 751 2843 837 quasi
2888 750 3020 818 sibi

746 850 1062 918 dixisset:
1129 852 1315 937 „iam
1377 854 1541 921 satis
1602 855 1688 922 de
1749 853 1856 922 his
1917 854 2281 940 anilibus'',
2332 854 2637 941 quaerit:
2695 854 2817 922 sed
2865 855 3019 942 quis

745 974 1020 1041 revera,
1069 955 1233 1023 ludo
1281 963 1544 1043 amotO,
1594 957 1761 1025 latet
1806 959 1920 1026 hic
1965 960 2352 1048 superum‘?

1376 1063 1605 1150 „quod
1655 1084 1921 1132 numen
1969 1065 2058 1132 ab
2106 1064 2381 1132 aethere
2427 1083 2780 1152 pressum,
2839 1047 2851 1062 ⁸

963 1110 1329 1252 dignatur
1334 1185 1575 1234 caecas
1621 1167 1975 1237 inclusum
2019 1169 2332 1237 habitare
2380 1168 2764 1236 cavernas‘?

971 1268 1129 1355 quis
1172 1274 1430 1337 terram
1479 1272 1653 1339 coeli
1698 1273 1960 1360 patitur
2007 1272 2236 1360 deus”,
2289 1279 2420 1342 etc.
2453 1271 2533 1361 1).

838 1368 1088 1439 Nonne
1155 1374 1322 1441 satis
1391 1381 1677 1464 apparet
1735 1377 1922 1446 hunc
1986 1377 2381 1465 Apollinem
2445 1303 2819 1461 miserum,
2889 1396 3027 1442 non

751 1473 958 1541 modo
1020 1480 1162 1543 toto
1217 1478 1407 1546 coelo
1455 1479 1709 1549 distare
1756 1481 1845 1548 ab
1894 1481 2213 1569 Apolline
2259 1482 2544 1549 Homeri
2593 1486 2660 1548 et
2704 1480 3021 1567 Vergilii,

750 1577 873 1645 sed
919 1579 1130 1647 etiam
1173 1581 1326 1669 ipso
1374 1583 1564 1658 coelo
1611 1585 1893 1673 pulsum
1942 1587 2143 1654 esse‘?

839 1681 1053 1750 Porro
1125 1686 1334 1754 etiam
1403 1687 1684 1758 Pallada
1751 1689 1860 1757 bis
1923 1693 2455 1775 commemorat,
2520 1688 2639 1757 sed
2703 1707 2793 1754 ne
2855 1687 3026 1754 haec

755 1786 1040 1873 quidem
1103 1794 1206 1856 est
1268 1790 1398 1858 dea
1458 1790 1737 1877 efficax,
1793 1813 2007 1882 quae,
2058 1798 2135 1862 ut
2181 1793 2364 1881 apud
2410 1792 2792 1859 Homerum
2815 1844 2831 1875 ,
2882 1790 3027 1858 cui-

754 1908 967 1976 quam
1033 1890 1261 1960 dicere
1323 1895 1640 1964 auderet:
1701 1899 1867 1983 „37ae
1930 1899 1997 1963 τέ
2057 1921 2140 1963 τοι
2202 1900 2318 1963 αἰεί
2376 1898 2434 1960 ἐν
2479 1897 2764 1960 πάντεσσι
2811 1894 3024 1959 πόνοισι

753 1994 1128 2073 παρίσταμαι
1176 1998 1269 2073 ἠδὲ
1315 1999 1666 2086 <panchea-&2
1701 2001 1761 2090 2)
1812 2022 2040 2091 neque
2086 2001 2270 2071 ullus
2315 2002 2523 2068 homo
2562 2001 2640 2067 in
2671 1998 3025 2067 Pharsalia

756 2097 908 2164 eius
956 2099 1294 2169 auxilium
1341 2101 1541 2172 flocci
1575 2104 1873 2174 -faceretl
1910 2106 2163 2175 Caesar
2191 2103 2675 2174 tantummodo
2693 2155 2710 2187 ‚
2747 2102 3026 2170 Troiam

758 2202 1187 2290 antiquitatis
1258 2225 1465 2277 causa
1519 2209 1760 2278 adiens
1816 2214 2108 2299 votaque
2154 2209 2462 2295 solvenS,
2512 2228 2665 2276 eam
2713 2208 3022 2274 invocat:

945 2307 1060 2391 „di
1108 2310 1423 2380 cinerum
1437 2366 1454 2398 ,
1504 2312 1836 2404 Phrygias
1881 2315 2103 2383 colitis
2149 2315 2572 2403 quicumque
2616 2314 2857 2381 ruinas

945 2462 960 2478 .
1056 2464 1070 2478 .
1165 2466 1181 2482 .
1278 2468 1293 2483 .
1343 2417 1654 2508 nullique
1700 2420 2028 2508 adspecta
2071 2421 2379 2488 virorum

940 2514 1226 2586 Pallas’'.
1324 2574 1339 2589 .
1435 2576 1449 2590 .
1547 2575 1562 2591 .
1594 2524 1654 2612 3)

853 2617 1131 2689 Caesari
1175 2624 1386 2713 igitur
1431 2627 1745 2697 Minerva
1789 2649 1864 2697 se
1910 2648 2054 2698 non
2100 2629 2385 2714 obtulit,
2433 2633 2511 2697 ut
2556 2627 2723 2695 olim
2770 2621 3024 2691 Achilli

764 2726 833 2788 et
880 2723 1095 2812 Ulixi,
1145 2729 1268 2796 sed
1313 2732 1519 2800 modo
1565 2731 1777 2802 simul
1822 2753 1985 2803 cum
2032 2733 2179 2802 deis
2214 2734 2530 2801 cinerum
2560 2730 2804 2799 Troiae
2839 2747 3027 2795 com-

764 2836 1210 2901 memoratur.
1304 2833 1554 2904 Nonne
1612 2838 1917 2925 profecto
1971 2838 2144 2906 haec
2187 2836 2414 2905 Pallas
2462 2842 2570 2904 est
2611 2834 2811 2924 quasi
2859 2833 3033 2900 cinis

764 2928 950 3000 illius
997 2935 1350 3007 Minervae
1395 2939 1763 3010 bellicosae
1810 2948 1879 3011 et
1924 2941 2223 3012 efficacis
2240 2994 2258 3028 ,
2305 2940 2528 3030 qualis
2560 2939 2745 3029 apud
2778 2938 3035 3004 Home-

766 3053 925 3103 rum
969 3038 1280 3110 incedit‘?

858 3140 960 3209 De
1003 3145 1258 3232 palude
1304 3151 1606 3240 quadam
1654 3157 1886 3221 autem
1934 3152 2101 3220 dicit
2143 3155 2381 3239 poeta:

1003 3252 1263 3341 „hanc,
1312 3261 1400 3324 ut
1443 3256 1687 3344 fama,
1745 3257 1937 3326 deus,
2033 3308 2049 3324 .
2144 3307 2160 3324 .
2255 3307 2271 3323 .

996 3357 1177 3427 hanc
1225 3365 1291 3428 et
1338 3359 1564 3429 Pallas
1610 3368 1833 3447 amat,
1881 3361 2096 3451 patris
2144 3379 2321 3450 quae
2367 3357 2622 3427 vertice
2668 3362 2832 3424 nata

994 3469 1337 3533 terrarum
1382 3466 1684 3554 primam
1729 3466 1994 3554 Libyen
2045 3517 2060 3533 .
2112 3520 2129 3534 .
2179 3518 2193 3532 .
2246 3519 2261 3532 .
2308 3462 2597 3553 tetigit.’'
2628 3460 2688 3550 4)

867 3565 924 3634 Ο
987 3568 1241 3636 misera
1294 3569 1554 3656 Pallas,
1604 3571 1861 3660 quippe
1908 3590 2086 3660 quae
2133 3584 2277 3638 non
2326 3568 2624 3657 amplius
2671 3566 2920 3633 heroas
2965 3568 3043 3630 ut

777 3671 1117 3740 Achillem
1180 3678 1246 3740 et
1293 3672 1567 3741 Ulixem
1604 3674 1867 3764 diligis,
1914 3674 2330 3764 proeliisque
2375 3678 2444 3741 te
2490 3671 2741 3739 misces
2787 3668 2910 3737 sed
2952 3704 3042 3716 -

776 3777 1104 3866 paludem
1150 3779 1378 3846 amasl
1871 3837 1882 3844 .

867 3881 1070 3970 Maga
1116 3883 1440 3950 Thessala
1488 3883 1652 3951 deos
1692 3884 1949 3952 inferos
1980 3885 2284 3968 invocat,
2318 3879 2769 3964 EumenideS,
2804 3876 3043 3943 Perse-

778 3986 1061 4074 phonen
1137 3986 1618 4076 Hecatenque:
1690 3989 1814 4056 sed
1882 3990 1989 4057 his
2058 3988 2205 4055 deis
2272 3986 2452 4054 tritis
2522 3988 2589 4051 et
2649 3981 3046 4070 vulgaribus

863 4221 922 4292 1)
963 4216 1166 4277 Phara.
1206 4217 1417 4276 V=86.
1858 4218 1919 4288 2)
1962 4212 2164 4287 Odyss,
2211 4216 2483 4271 13:300.

864 4316 926 4391 3)
1049 4355 1083 4386 „
1211 4311 1477 4376 1X2990
1505 4328 1590 4390 sq.
1861 4311 1924 4383 4)
1965 4308 2167 4371 Phars.
2208 4307 2470 4370 1X234s
2500 4322 2585 4380 sq.
