<?xml version="1.0" encoding="UTF-8"?>
<!DOCTYPE html PUBLIC "-//W3C//DTD XHTML 1.0 Transitional//EN"
    "http://www.w3.org/TR/xhtml1/DTD/xhtml1-transitional.dtd">
<html xmlns="http://www.w3.org/1999/xhtml" xml:lang="en" lang="en">
 <head>
  <title>
</title>
<meta http-equiv="Content-Type" content="text/html;charset=utf-8" />
  <meta name='ocr-system' content='tesseract 3.04.00' />
  <meta name='ocr-capabilities' content='ocr_page ocr_carea ocr_par ocr_line ocrx_word'/>
</head>
<body>
  <div class='ocr_page' id='page_1' title='image "./lucanisententia00millgoog_0043.png"; bbox 0 0 3434 5159; ppageno 0'>
   <div class='ocr_carea' id='block_1_1' title="bbox 1485 311 1569 380">
    <p class='ocr_par' dir='ltr' id='par_1_1' title="bbox 1485 311 1569 380">
     <span class='ocr_line' id='line_1_1' title="bbox 1485 311 1569 380; baseline -0.012 0"><span class='ocrx_word' id='word_1_1' title='bbox 1485 311 1569 380; x_wconf 88' lang='grc'>31</span> 
     </span>
    </p>
   </div>
   <div class='ocr_carea' id='block_1_2' title="bbox 379 528 2691 3333">
    <p class='ocr_par' dir='ltr' id='par_1_2' title="bbox 380 528 2673 620">
     <span class='ocr_line' id='line_1_2' title="bbox 380 528 2673 620; baseline 0 -20"><span class='ocrx_word' id='word_1_2' title='bbox 380 532 640 600; x_wconf 86' lang='lat' dir='ltr'>meruit</span> <span class='ocrx_word' id='word_1_3' title='bbox 707 531 795 599; x_wconf 92' lang='lat' dir='ltr'>de</span> <span class='ocrx_word' id='word_1_4' title='bbox 855 529 1091 600; x_wconf 89' lang='lat' dir='ltr'>schola</span> <span class='ocrx_word' id='word_1_5' title='bbox 1137 528 1510 619; x_wconf 90' lang='lat' dir='ltr'>Epicurea:</span> <span class='ocrx_word' id='word_1_6' title='bbox 1562 528 2048 597; x_wconf 88' lang='lat' dir='ltr'>tantummodo</span> <span class='ocrx_word' id='word_1_7' title='bbox 2095 529 2259 598; x_wconf 90' lang='lat' dir='ltr'>deos</span> <span class='ocrx_word' id='word_1_8' title='bbox 2308 535 2513 620; x_wconf 89' lang='lat' dir='ltr'>atque</span> <span class='ocrx_word' id='word_1_9' title='bbox 2559 551 2673 600; x_wconf 89' lang='lat' dir='ltr'>res</span> 
     </span>
    </p>

    <p class='ocr_par' dir='ltr' id='par_1_3' title="bbox 379 633 2676 722">
     <span class='ocr_line' id='line_1_3' title="bbox 379 633 2676 722; baseline 0.001 -20"><span class='ocrx_word' id='word_1_10' title='bbox 379 636 660 704; x_wconf 89' lang='lat' dir='ltr'>divinas</span> <span class='ocrx_word' id='word_1_11' title='bbox 713 640 1243 720; x_wconf 80' lang='lat' dir='ltr'><strong>commemorat,</strong></span> <span class='ocrx_word' id='word_1_12' title='bbox 1289 638 1367 702; x_wconf 90' lang='lat' dir='ltr'>ut</span> <span class='ocrx_word' id='word_1_13' title='bbox 1416 634 1481 700; x_wconf 93' lang='lat' dir='ltr'>ei</span> <span class='ocrx_word' id='word_1_14' title='bbox 1514 633 2058 722; x_wconf 82' lang='lat' dir='ltr'>aequalibusque</span> <span class='ocrx_word' id='word_1_15' title='bbox 2090 635 2447 722; x_wconf 87' lang='lat' dir='ltr'>videntur,</span> <span class='ocrx_word' id='word_1_16' title='bbox 2485 635 2676 705; x_wconf 87' lang='lat' dir='ltr'>nulla</span> 
     </span>
    </p>

    <p class='ocr_par' dir='ltr' id='par_1_4' title="bbox 381 738 1906 827">
     <span class='ocr_line' id='line_1_4' title="bbox 381 738 1906 827; baseline -0.001 -19"><span class='ocrx_word' id='word_1_17' title='bbox 381 741 803 827; x_wconf 84' lang='lat' dir='ltr'>quaestione</span> <span class='ocrx_word' id='word_1_18' title='bbox 850 739 937 807; x_wconf 93' lang='lat' dir='ltr'>de</span> <span class='ocrx_word' id='word_1_19' title='bbox 986 758 1228 807; x_wconf 93' lang='lat' dir='ltr'>eorum</span> <span class='ocrx_word' id='word_1_20' title='bbox 1275 743 1525 806; x_wconf 87' lang='lat' dir='ltr'>natura</span> <span class='ocrx_word' id='word_1_21' title='bbox 1570 738 1906 807; x_wconf 90' lang='lat' dir='ltr'>instituta.</span> 
     </span>
    </p>

    <p class='ocr_par' dir='ltr' id='par_1_5' title="bbox 380 841 2678 1768">
     <span class='ocr_line' id='line_1_5' title="bbox 471 841 2674 931; baseline 0 -19"><span class='ocrx_word' id='word_1_22' title='bbox 471 844 774 912; x_wconf 80' lang='lat' dir='ltr'>Constat</span> <span class='ocrx_word' id='word_1_23' title='bbox 810 848 1045 912; x_wconf 86' lang='lat' dir='ltr'>autem</span> <span class='ocrx_word' id='word_1_24' title='bbox 1083 842 1350 910; x_wconf 88' lang='lat' dir='ltr'>Stoicos</span> <span class='ocrx_word' id='word_1_25' title='bbox 1396 842 1787 928; x_wconf 84' lang='lat' dir='ltr'>RomanOS‚</span> <span class='ocrx_word' id='word_1_26' title='bbox 1835 846 1902 909; x_wconf 89' lang='lat' dir='ltr'>et</span> <span class='ocrx_word' id='word_1_27' title='bbox 1924 841 2269 931; x_wconf 89' lang='lat' dir='ltr'><strong>imprimis</strong></span> <span class='ocrx_word' id='word_1_28' title='bbox 2295 843 2632 913; x_wconf 85' lang='lat' dir='ltr'>Senecam</span> <span class='ocrx_word' id='word_1_29' title='bbox 2656 897 2674 929; x_wconf 91' lang='lat'>,</span> 
     </span>
     <span class='ocr_line' id='line_1_6' title="bbox 381 945 2676 1036; baseline -0 -20"><span class='ocrx_word' id='word_1_30' title='bbox 381 968 674 1016; x_wconf 91' lang='lat' dir='ltr'>summo</span> <span class='ocrx_word' id='word_1_31' title='bbox 723 966 931 1036; x_wconf 93' lang='lat' dir='ltr'>opere</span> <span class='ocrx_word' id='word_1_32' title='bbox 982 951 1264 1014; x_wconf 91' lang='lat' dir='ltr'>conatos</span> <span class='ocrx_word' id='word_1_33' title='bbox 1297 965 1477 1030; x_wconf 90' lang='lat' dir='ltr'>esse,</span> <span class='ocrx_word' id='word_1_34' title='bbox 1511 946 1767 1034; x_wconf 88' lang='lat' dir='ltr'>placita</span> <span class='ocrx_word' id='word_1_35' title='bbox 1797 945 2273 1034; x_wconf 87' lang='lat' dir='ltr'>philosophiae</span> <span class='ocrx_word' id='word_1_36' title='bbox 2304 948 2676 1017; x_wconf 87' lang='lat' dir='ltr'>conciliare</span> 
     </span>
     <span class='ocr_line' id='line_1_7' title="bbox 381 1049 2674 1143; baseline -0.001 -23"><span class='ocrx_word' id='word_1_37' title='bbox 381 1072 548 1122; x_wconf 87' lang='lat' dir='ltr'>cum</span> <span class='ocrx_word' id='word_1_38' title='bbox 572 1054 918 1142; x_wconf 84' lang='lat' dir='ltr'>religione</span> <span class='ocrx_word' id='word_1_39' title='bbox 934 1051 1220 1141; x_wconf 81' lang='lat' dir='ltr'>vulgari.</span> <span class='ocrx_word' id='word_1_40' title='bbox 1248 1049 1473 1119; x_wconf 89' lang='lat' dir='ltr'>Verba</span> <span class='ocrx_word' id='word_1_41' title='bbox 1497 1057 1564 1117; x_wconf 92' lang='lat' dir='ltr'>et</span> <span class='ocrx_word' id='word_1_42' title='bbox 1589 1049 2086 1138; x_wconf 87' lang='lat' dir='ltr'>appellationes</span> <span class='ocrx_word' id='word_1_43' title='bbox 2113 1050 2415 1143; x_wconf 81' lang='lat' dir='ltr'>vulgaris</span> <span class='ocrx_word' id='word_1_44' title='bbox 2432 1072 2674 1140; x_wconf 88' lang='lat' dir='ltr'>super·</span> 
     </span>
     <span class='ocr_line' id='line_1_8' title="bbox 380 1154 2676 1246; baseline -0.001 -21"><span class='ocrx_word' id='word_1_45' title='bbox 380 1158 697 1227; x_wconf 86' lang='lat' dir='ltr'>stitionis</span> <span class='ocrx_word' id='word_1_46' title='bbox 744 1157 1170 1246; x_wconf 84' lang='lat' dir='ltr'>adoptandO,</span> <span class='ocrx_word' id='word_1_47' title='bbox 1215 1156 1445 1244; x_wconf 87' lang='lat' dir='ltr'>specie</span> <span class='ocrx_word' id='word_1_48' title='bbox 1489 1154 1925 1243; x_wconf 87' lang='lat' dir='ltr'>philosophia</span> <span class='ocrx_word' id='word_1_49' title='bbox 1963 1154 2234 1243; x_wconf 86' lang='lat' dir='ltr'>Stoica,</span> <span class='ocrx_word' id='word_1_50' title='bbox 2261 1177 2302 1225; x_wconf 90' lang='lat' dir='ltr'>a</span> <span class='ocrx_word' id='word_1_51' title='bbox 2325 1176 2458 1246; x_wconf 90' lang='lat' dir='ltr'>quo</span> <span class='ocrx_word' id='word_1_52' title='bbox 2483 1176 2676 1245; x_wconf 83' lang='lat' dir='ltr'>mag-</span> 
     </span>
     <span class='ocr_line' id='line_1_9' title="bbox 382 1260 2677 1351; baseline 0 -24"><span class='ocrx_word' id='word_1_53' title='bbox 382 1282 562 1330; x_wconf 92' lang='lat' dir='ltr'>num</span> <span class='ocrx_word' id='word_1_54' title='bbox 613 1263 954 1330; x_wconf 83' lang='lat' dir='ltr'>intererat</span> <span class='ocrx_word' id='word_1_55' title='bbox 992 1281 1082 1329; x_wconf 94' lang='lat' dir='ltr'>ne</span> <span class='ocrx_word' id='word_1_56' title='bbox 1104 1260 1354 1351; x_wconf 86' lang='lat' dir='ltr'>vulgus</span> <span class='ocrx_word' id='word_1_57' title='bbox 1379 1260 1926 1346; x_wconf 88' lang='lat' dir='ltr'>abalienaretur,</span> <span class='ocrx_word' id='word_1_58' title='bbox 1958 1280 2117 1329; x_wconf 89' lang='lat' dir='ltr'>cum</span> <span class='ocrx_word' id='word_1_59' title='bbox 2143 1260 2263 1330; x_wconf 92' lang='lat' dir='ltr'>illa</span> <span class='ocrx_word' id='word_1_60' title='bbox 2288 1264 2677 1331; x_wconf 88' lang='lat' dir='ltr'>consentire</span> 
     </span>
     <span class='ocr_line' id='line_1_10' title="bbox 387 1363 2678 1453; baseline 0 -22"><span class='ocrx_word' id='word_1_61' title='bbox 387 1367 805 1452; x_wconf 87' lang='lat' dir='ltr'>videbatur,</span> <span class='ocrx_word' id='word_1_62' title='bbox 869 1384 1110 1434; x_wconf 89' lang='lat' dir='ltr'>revera</span> <span class='ocrx_word' id='word_1_63' title='bbox 1163 1370 1305 1433; x_wconf 86' lang='lat' dir='ltr'>toto</span> <span class='ocrx_word' id='word_1_64' title='bbox 1353 1363 1544 1432; x_wconf 89' lang='lat' dir='ltr'>coelo</span> <span class='ocrx_word' id='word_1_65' title='bbox 1591 1364 1910 1432; x_wconf 86' lang='lat' dir='ltr'>distabat.</span> <span class='ocrx_word' id='word_1_66' title='bbox 2003 1364 2159 1453; x_wconf 88' lang='lat' dir='ltr'>Ipse</span> <span class='ocrx_word' id='word_1_67' title='bbox 2205 1364 2507 1451; x_wconf 81' lang='lat' dir='ltr'>Seneca,</span> <span class='ocrx_word' id='word_1_68' title='bbox 2556 1366 2678 1453; x_wconf 91' lang='lat' dir='ltr'>qui</span> 
     </span>
     <span class='ocr_line' id='line_1_11' title="bbox 382 1468 2678 1555; baseline 0 -19"><span class='ocrx_word' id='word_1_69' title='bbox 382 1469 602 1538; x_wconf 94' lang='lat' dir='ltr'>deum</span> <span class='ocrx_word' id='word_1_70' title='bbox 656 1470 973 1539; x_wconf 89' lang='lat' dir='ltr'>animum</span> <span class='ocrx_word' id='word_1_71' title='bbox 1018 1468 1268 1538; x_wconf 89' lang='lat' dir='ltr'>mundi</span> <span class='ocrx_word' id='word_1_72' title='bbox 1314 1488 1462 1537; x_wconf 90' lang='lat' dir='ltr'>esse</span> <span class='ocrx_word' id='word_1_73' title='bbox 1510 1468 1761 1553; x_wconf 90' lang='lat' dir='ltr'>credit,</span> <span class='ocrx_word' id='word_1_74' title='bbox 1811 1468 2019 1536; x_wconf 90' lang='lat' dir='ltr'>modo</span> <span class='ocrx_word' id='word_1_75' title='bbox 2066 1468 2151 1537; x_wconf 94' lang='lat' dir='ltr'>de</span> <span class='ocrx_word' id='word_1_76' title='bbox 2198 1470 2243 1537; x_wconf 96' lang='lat' dir='ltr'>d</span> <span class='ocrx_word' id='word_1_77' title='bbox 2264 1470 2423 1555; x_wconf 77' lang='lat' dir='ltr'>eie,</span> <span class='ocrx_word' id='word_1_78' title='bbox 2472 1469 2678 1537; x_wconf 92' lang='lat' dir='ltr'>modo</span> 
     </span>
     <span class='ocr_line' id='line_1_12' title="bbox 384 1572 2672 1663; baseline -0 -22"><span class='ocrx_word' id='word_1_79' title='bbox 384 1573 473 1642; x_wconf 95' lang='lat' dir='ltr'>de</span> <span class='ocrx_word' id='word_1_80' title='bbox 544 1574 684 1641; x_wconf 93' lang='lat' dir='ltr'>deo</span> <span class='ocrx_word' id='word_1_81' title='bbox 756 1575 932 1663; x_wconf 89' lang='lat' dir='ltr'>agit,</span> <span class='ocrx_word' id='word_1_82' title='bbox 1007 1573 1129 1641; x_wconf 89' lang='lat' dir='ltr'>sed</span> <span class='ocrx_word' id='word_1_83' title='bbox 1190 1573 1577 1642; x_wconf 84' lang='lat' dir='ltr'>maximum</span> <span class='ocrx_word' id='word_1_84' title='bbox 1639 1572 2015 1641; x_wconf 85' lang='lat' dir='ltr'>discrimen</span> <span class='ocrx_word' id='word_1_85' title='bbox 2077 1574 2265 1641; x_wconf 89' lang='lat' dir='ltr'>inter</span> <span class='ocrx_word' id='word_1_86' title='bbox 2307 1592 2424 1641; x_wconf 89' lang='lat' dir='ltr'>eos</span> <span class='ocrx_word' id='word_1_87' title='bbox 2470 1572 2672 1658; x_wconf 84' lang='lat' dir='ltr'>facit,</span> 
     </span>
     <span class='ocr_line' id='line_1_13' title="bbox 386 1676 2673 1768; baseline 0 -24"><span class='ocrx_word' id='word_1_88' title='bbox 386 1698 560 1745; x_wconf 91' lang='lat' dir='ltr'>nam</span> <span class='ocrx_word' id='word_1_89' title='bbox 626 1682 829 1767; x_wconf 90' lang='lat' dir='ltr'>putat</span> <span class='ocrx_word' id='word_1_90' title='bbox 887 1676 1158 1763; x_wconf 84' lang='lat' dir='ltr'>„Deum</span> <span class='ocrx_word' id='word_1_91' title='bbox 1220 1697 1338 1746; x_wconf 89' lang='lat' dir='ltr'>eos</span> <span class='ocrx_word' id='word_1_92' title='bbox 1393 1677 1713 1768; x_wconf 85' lang='lat' dir='ltr'>genuisse</span> <span class='ocrx_word' id='word_1_93' title='bbox 1759 1679 1958 1766; x_wconf 88' lang='lat' dir='ltr'>regni</span> <span class='ocrx_word' id='word_1_94' title='bbox 2004 1678 2112 1746; x_wconf 90' lang='lat' dir='ltr'>sui</span> <span class='ocrx_word' id='word_1_95' title='bbox 2158 1678 2581 1746; x_wconf 81' lang='lat' dir='ltr'>ministroS.’&#39;</span> <span class='ocrx_word' id='word_1_96' title='bbox 2617 1678 2673 1764; x_wconf 83' lang='lat'>¹)</span> 
     </span>
    </p>

    <p class='ocr_par' dir='ltr' id='par_1_6' title="bbox 387 1780 2672 1974">
     <span class='ocr_line' id='line_1_14' title="bbox 475 1780 2672 1869; baseline -0.001 -20"><span class='ocrx_word' id='word_1_97' title='bbox 475 1781 601 1850; x_wconf 89' lang='lat' dir='ltr'>Sic</span> <span class='ocrx_word' id='word_1_98' title='bbox 650 1783 794 1850; x_wconf 91' lang='lat' dir='ltr'>iam</span> <span class='ocrx_word' id='word_1_99' title='bbox 838 1782 1154 1851; x_wconf 87' lang='lat' dir='ltr'>Valerius</span> <span class='ocrx_word' id='word_1_100' title='bbox 1200 1781 1543 1867; x_wconf 78' lang='lat' dir='ltr'>SoranUS,</span> <span class='ocrx_word' id='word_1_101' title='bbox 1607 1786 1814 1869; x_wconf 88' lang='lat' dir='ltr'>poeta</span> <span class='ocrx_word' id='word_1_102' title='bbox 1860 1780 2165 1868; x_wconf 83' lang='lat' dir='ltr'>StoicuS,</span> <span class='ocrx_word' id='word_1_103' title='bbox 2216 1780 2407 1850; x_wconf 89' lang='lat' dir='ltr'>Sulla</span> <span class='ocrx_word' id='word_1_104' title='bbox 2455 1781 2672 1848; x_wconf 90' lang='lat' dir='ltr'>dicta-</span> 
     </span>
     <span class='ocr_line' id='line_1_15' title="bbox 387 1885 1733 1974; baseline 0.001 -22"><span class='ocrx_word' id='word_1_105' title='bbox 387 1890 542 1954; x_wconf 83' lang='lat' dir='ltr'>tore</span> <span class='ocrx_word' id='word_1_106' title='bbox 561 1939 580 1972; x_wconf 83' lang='lat'><strong>,</strong></span> <span class='ocrx_word' id='word_1_107' title='bbox 634 1886 847 1955; x_wconf 92' lang='lat' dir='ltr'>deum</span> <span class='ocrx_word' id='word_1_108' title='bbox 892 1886 1000 1954; x_wconf 87' lang='lat' dir='ltr'>his</span> <span class='ocrx_word' id='word_1_109' title='bbox 1044 1886 1276 1954; x_wconf 88' lang='lat' dir='ltr'>verbis</span> <span class='ocrx_word' id='word_1_110' title='bbox 1323 1885 1733 1974; x_wconf 89' lang='lat' dir='ltr'>alloquitur:</span> 
     </span>
    </p>

    <p class='ocr_par' dir='ltr' id='par_1_7' title="bbox 396 1989 2683 2289">
     <span class='ocr_line' id='line_1_16' title="bbox 396 1989 2364 2079; baseline 0.001 -23"><span class='ocrx_word' id='word_1_111' title='bbox 396 1989 766 2079; x_wconf 85' lang='lat' dir='ltr'>„Iuppiter</span> <span class='ocrx_word' id='word_1_112' title='bbox 813 1990 1252 2079; x_wconf 88' lang='lat' dir='ltr'>omnipotens</span> <span class='ocrx_word' id='word_1_113' title='bbox 1271 2043 1289 2076; x_wconf 89' lang='lat'>,</span> <span class='ocrx_word' id='word_1_114' title='bbox 1335 2009 1571 2058; x_wconf 87' lang='lat' dir='ltr'>rerum</span> <span class='ocrx_word' id='word_1_115' title='bbox 1617 2009 1740 2056; x_wconf 85' lang='lat' dir='ltr'>rex</span> <span class='ocrx_word' id='word_1_116' title='bbox 1758 2043 1775 2075; x_wconf 91' lang='lat'>‚</span> <span class='ocrx_word' id='word_1_117' title='bbox 1823 1990 1972 2078; x_wconf 91' lang='lat' dir='ltr'>ipse</span> <span class='ocrx_word' id='word_1_118' title='bbox 2019 1990 2327 2079; x_wconf 89' lang='lat' dir='ltr'>deusque</span> <span class='ocrx_word' id='word_1_119' title='bbox 2346 2042 2364 2075; x_wconf 90' lang='lat'>,</span> 
     </span>
     <span class='ocr_line' id='line_1_17' title="bbox 482 2093 2677 2186; baseline -0.001 -22"><span class='ocrx_word' id='word_1_120' title='bbox 482 2097 893 2186; x_wconf 84' lang='lat' dir='ltr'>progenitor</span> <span class='ocrx_word' id='word_1_121' title='bbox 938 2096 1387 2184; x_wconf 87' lang='lat' dir='ltr'>genetrixque</span> <span class='ocrx_word' id='word_1_122' title='bbox 1404 2147 1422 2180; x_wconf 89' lang='lat'>,</span> <span class='ocrx_word' id='word_1_123' title='bbox 1471 2094 1681 2163; x_wconf 91' lang='lat' dir='ltr'>deum</span> <span class='ocrx_word' id='word_1_124' title='bbox 1729 2094 1915 2162; x_wconf 92' lang='lat' dir='ltr'>Deus</span> <span class='ocrx_word' id='word_1_125' title='bbox 1961 2115 2146 2164; x_wconf 91' lang='lat' dir='ltr'>unus</span> <span class='ocrx_word' id='word_1_126' title='bbox 2187 2099 2256 2162; x_wconf 90' lang='lat' dir='ltr'>et</span> <span class='ocrx_word' id='word_1_127' title='bbox 2293 2094 2596 2163; x_wconf 76' lang='lat' dir='ltr'>omneS.&#39;’</span> <span class='ocrx_word' id='word_1_128' title='bbox 2619 2093 2677 2180; x_wconf 80' lang='lat'>2)</span> 
     </span>
     <span class='ocr_line' id='line_1_18' title="bbox 481 2199 2683 2289; baseline -0.001 -22"><span class='ocrx_word' id='word_1_129' title='bbox 481 2200 575 2268; x_wconf 90' lang='lat' dir='ltr'>Et</span> <span class='ocrx_word' id='word_1_130' title='bbox 628 2200 812 2289; x_wconf 91' lang='lat' dir='ltr'>apud</span> <span class='ocrx_word' id='word_1_131' title='bbox 860 2200 1177 2268; x_wconf 84' lang='lat' dir='ltr'>Servium</span> <span class='ocrx_word' id='word_1_132' title='bbox 1208 2200 1257 2284; x_wconf 79' lang='lat'>3)</span> <span class='ocrx_word' id='word_1_133' title='bbox 1305 2204 1509 2287; x_wconf 90' lang='lat' dir='ltr'>poeta</span> <span class='ocrx_word' id='word_1_134' title='bbox 1554 2199 1827 2268; x_wconf 90' lang='lat' dir='ltr'>Stoicus</span> <span class='ocrx_word' id='word_1_135' title='bbox 1873 2200 2183 2288; x_wconf 78' lang='lat' dir='ltr'>ignotuS,</span> <span class='ocrx_word' id='word_1_136' title='bbox 2233 2200 2467 2267; x_wconf 87' lang='lat' dir='ltr'>Iovem</span> <span class='ocrx_word' id='word_1_137' title='bbox 2515 2199 2683 2266; x_wconf 91' lang='lat' dir='ltr'>alios</span> 
     </span>
    </p>

    <p class='ocr_par' dir='ltr' id='par_1_8' title="bbox 398 2303 1433 2391">
     <span class='ocr_line' id='line_1_19' title="bbox 398 2303 1433 2391; baseline 0 -21"><span class='ocrx_word' id='word_1_138' title='bbox 398 2304 572 2373; x_wconf 87' lang='lat' dir='ltr'>deos</span> <span class='ocrx_word' id='word_1_139' title='bbox 620 2304 888 2373; x_wconf 84' lang='lat' dir='ltr'>inducit</span> <span class='ocrx_word' id='word_1_140' title='bbox 935 2303 1433 2391; x_wconf 88' lang='lat' dir='ltr'>alloquentem:</span> 
     </span>
    </p>

    <p class='ocr_par' dir='ltr' id='par_1_9' title="bbox 490 2407 2616 2496">
     <span class='ocr_line' id='line_1_20' title="bbox 490 2407 2616 2496; baseline -0.002 -18"><span class='ocrx_word' id='word_1_141' title='bbox 490 2408 964 2496; x_wconf 81' lang='lat' dir='ltr'>„Coelicolae,</span> <span class='ocrx_word' id='word_1_142' title='bbox 1013 2428 1170 2476; x_wconf 90' lang='lat' dir='ltr'>mea</span> <span class='ocrx_word' id='word_1_143' title='bbox 1217 2407 1571 2494; x_wconf 89' lang='lat' dir='ltr'>membra,</span> <span class='ocrx_word' id='word_1_144' title='bbox 1619 2407 1767 2475; x_wconf 92' lang='lat' dir='ltr'>deis</span> <span class='ocrx_word' id='word_1_145' title='bbox 1814 2427 1987 2496; x_wconf 92' lang='lat' dir='ltr'>quos</span> <span class='ocrx_word' id='word_1_146' title='bbox 2033 2413 2270 2475; x_wconf 88' lang='lat' dir='ltr'>nostra</span> <span class='ocrx_word' id='word_1_147' title='bbox 2314 2411 2616 2495; x_wconf 89' lang='lat' dir='ltr'>potestas</span> 
     </span>
    </p>

    <p class='ocr_par' dir='ltr' id='par_1_10' title="bbox 499 2511 1678 2581">
     <span class='ocr_line' id='line_1_21' title="bbox 499 2511 1678 2581; baseline -0.003 0"><span class='ocrx_word' id='word_1_148' title='bbox 499 2513 749 2581; x_wconf 88' lang='lat' dir='ltr'>officiis</span> <span class='ocrx_word' id='word_1_149' title='bbox 794 2512 1014 2581; x_wconf 87' lang='lat' dir='ltr'>divisa</span> <span class='ocrx_word' id='word_1_150' title='bbox 1059 2511 1278 2581; x_wconf 88' lang='lat' dir='ltr'>facit.&#39;&#39;</span> <span class='ocrx_word' id='word_1_151' title='bbox 1331 2565 1345 2580; x_wconf 94' lang='lat'><strong>.</strong></span> <span class='ocrx_word' id='word_1_152' title='bbox 1442 2565 1456 2579; x_wconf 89' lang='lat'><strong>.</strong></span> <span class='ocrx_word' id='word_1_153' title='bbox 1553 2561 1567 2578; x_wconf 91' lang='lat'><strong>.</strong></span> <span class='ocrx_word' id='word_1_154' title='bbox 1665 2565 1678 2579; x_wconf 89' lang='lat'><strong>.</strong></span> 
     </span>
    </p>

    <p class='ocr_par' dir='ltr' id='par_1_11' title="bbox 400 2614 2691 3333">
     <span class='ocr_line' id='line_1_22' title="bbox 491 2614 2679 2704; baseline -0.003 -17"><span class='ocrx_word' id='word_1_155' title='bbox 491 2617 767 2697; x_wconf 86' lang='lat' dir='ltr'>Quibus</span> <span class='ocrx_word' id='word_1_156' title='bbox 835 2616 1064 2685; x_wconf 85' lang='lat' dir='ltr'>verbis</span> <span class='ocrx_word' id='word_1_157' title='bbox 1132 2617 1307 2685; x_wconf 92' lang='lat' dir='ltr'>nihil</span> <span class='ocrx_word' id='word_1_158' title='bbox 1372 2617 1677 2704; x_wconf 86' lang='lat' dir='ltr'>apertius</span> <span class='ocrx_word' id='word_1_159' title='bbox 1747 2616 2166 2683; x_wconf 87' lang='lat' dir='ltr'>sententiam</span> <span class='ocrx_word' id='word_1_160' title='bbox 2226 2614 2531 2683; x_wconf 86' lang='lat' dir='ltr'>Stoicam</span> <span class='ocrx_word' id='word_1_161' title='bbox 2594 2614 2679 2681; x_wconf 96' lang='lat' dir='ltr'>de</span> 
     </span>
     <span class='ocr_line' id='line_1_23' title="bbox 400 2715 2685 2810; baseline -0 -24"><span class='ocrx_word' id='word_1_162' title='bbox 400 2720 549 2790; x_wconf 87' lang='lat' dir='ltr'>Deo</span> <span class='ocrx_word' id='word_1_163' title='bbox 622 2722 906 2810; x_wconf 92' lang='lat' dir='ltr'>deisque</span> <span class='ocrx_word' id='word_1_164' title='bbox 974 2721 1318 2790; x_wconf 90' lang='lat' dir='ltr'>illustrare</span> <span class='ocrx_word' id='word_1_165' title='bbox 1385 2726 1631 2809; x_wconf 89' lang='lat' dir='ltr'>potest.</span> <span class='ocrx_word' id='word_1_166' title='bbox 1696 2715 1990 2788; x_wconf 76' lang='lat' dir='ltr'>&#39;Seneca</span> <span class='ocrx_word' id='word_1_167' title='bbox 2056 2720 2302 2809; x_wconf 87' lang='lat' dir='ltr'>igitur,</span> <span class='ocrx_word' id='word_1_168' title='bbox 2372 2739 2534 2787; x_wconf 89' lang='lat' dir='ltr'>cum</span> <span class='ocrx_word' id='word_1_169' title='bbox 2599 2719 2685 2785; x_wconf 88' lang='lat' dir='ltr'>de</span> 
     </span>
     <span class='ocr_line' id='line_1_24' title="bbox 402 2825 2687 2916; baseline -0.001 -24"><span class='ocrx_word' id='word_1_170' title='bbox 402 2826 553 2894; x_wconf 91' lang='lat' dir='ltr'>deis</span> <span class='ocrx_word' id='word_1_171' title='bbox 617 2828 792 2916; x_wconf 86' lang='lat' dir='ltr'>agit,</span> <span class='ocrx_word' id='word_1_172' title='bbox 856 2826 1068 2895; x_wconf 88' lang='lat' dir='ltr'>verba</span> <span class='ocrx_word' id='word_1_173' title='bbox 1127 2825 1395 2914; x_wconf 85' lang='lat' dir='ltr'>vulgari</span> <span class='ocrx_word' id='word_1_174' title='bbox 1450 2826 1772 2913; x_wconf 89' lang='lat' dir='ltr'>religioni</span> <span class='ocrx_word' id='word_1_175' title='bbox 1823 2825 2397 2908; x_wconf 65' lang='lat' dir='ltr'>accommodam,</span> <span class='ocrx_word' id='word_1_176' title='bbox 2445 2842 2687 2891; x_wconf 87' lang='lat' dir='ltr'>revera</span> 
     </span>
     <span class='ocr_line' id='line_1_25' title="bbox 401 2928 2689 3019; baseline -0.003 -20"><span class='ocrx_word' id='word_1_177' title='bbox 401 2931 889 3019; x_wconf 87' lang='lat' dir='ltr'>proprietates,</span> <span class='ocrx_word' id='word_1_178' title='bbox 975 2931 1119 2998; x_wconf 90' lang='lat' dir='ltr'>sive</span> <span class='ocrx_word' id='word_1_179' title='bbox 1206 2936 1436 3019; x_wconf 88' lang='lat' dir='ltr'>partes</span> <span class='ocrx_word' id='word_1_180' title='bbox 1502 2929 1688 2998; x_wconf 90' lang='lat' dir='ltr'>illius</span> <span class='ocrx_word' id='word_1_181' title='bbox 1757 2930 2252 3017; x_wconf 90' lang='lat' dir='ltr'>omnipotentis</span> <span class='ocrx_word' id='word_1_182' title='bbox 2322 2928 2489 3014; x_wconf 88' lang='lat' dir='ltr'>Dei,</span> <span class='ocrx_word' id='word_1_183' title='bbox 2568 2929 2689 3014; x_wconf 92' lang='lat' dir='ltr'>qui</span> 
     </span>
     <span class='ocr_line' id='line_1_26' title="bbox 405 3033 2688 3122; baseline -0.002 -20"><span class='ocrx_word' id='word_1_184' title='bbox 405 3041 607 3122; x_wconf 90' lang='lat' dir='ltr'>pater</span> <span class='ocrx_word' id='word_1_185' title='bbox 652 3042 719 3104; x_wconf 92' lang='lat' dir='ltr'>et</span> <span class='ocrx_word' id='word_1_186' title='bbox 752 3041 1020 3104; x_wconf 90' lang='lat' dir='ltr'>creator</span> <span class='ocrx_word' id='word_1_187' title='bbox 1064 3035 1381 3104; x_wconf 92' lang='lat' dir='ltr'>omnium</span> <span class='ocrx_word' id='word_1_188' title='bbox 1431 3034 1851 3122; x_wconf 87' lang='lat' dir='ltr'>appellatur,</span> <span class='ocrx_word' id='word_1_189' title='bbox 1901 3033 2278 3122; x_wconf 86' lang='lat' dir='ltr'>significat,</span> <span class='ocrx_word' id='word_1_190' title='bbox 2312 3033 2497 3121; x_wconf 93' lang='lat' dir='ltr'>quod</span> <span class='ocrx_word' id='word_1_191' title='bbox 2527 3033 2688 3098; x_wconf 86' lang='lat' dir='ltr'>toti-</span> 
     </span>
     <span class='ocr_line' id='line_1_27' title="bbox 407 3137 2684 3224; baseline -0.003 -17"><span class='ocrx_word' id='word_1_192' title='bbox 407 3139 573 3208; x_wconf 92' lang='lat' dir='ltr'>dem</span> <span class='ocrx_word' id='word_1_193' title='bbox 630 3140 859 3208; x_wconf 86' lang='lat' dir='ltr'>verbis</span> <span class='ocrx_word' id='word_1_194' title='bbox 906 3139 1231 3208; x_wconf 83' lang='lat' dir='ltr'>Aurelius</span> <span class='ocrx_word' id='word_1_195' title='bbox 1278 3137 1478 3207; x_wconf 88' lang='lat' dir='ltr'>Cotta</span> <span class='ocrx_word' id='word_1_196' title='bbox 1523 3139 1624 3206; x_wconf 90' lang='lat' dir='ltr'>sic</span> <span class='ocrx_word' id='word_1_197' title='bbox 1669 3138 1868 3221; x_wconf 81' lang='lat' dir='ltr'>dicit,</span> <span class='ocrx_word' id='word_1_198' title='bbox 1919 3137 2186 3205; x_wconf 88' lang='lat' dir='ltr'>Stoicos</span> <span class='ocrx_word' id='word_1_199' title='bbox 2235 3137 2684 3224; x_wconf 87' lang='lat' dir='ltr'>compellans:</span> 
     </span>
     <span class='ocr_line' id='line_1_28' title="bbox 408 3240 2691 3333; baseline -0.003 -21"><span class='ocrx_word' id='word_1_200' title='bbox 408 3244 628 3331; x_wconf 86' lang='lat' dir='ltr'>„illud</span> <span class='ocrx_word' id='word_1_201' title='bbox 686 3244 992 3333; x_wconf 88' lang='lat' dir='ltr'>profecto</span> <span class='ocrx_word' id='word_1_202' title='bbox 1054 3242 1516 3328; x_wconf 88' lang='lat' dir='ltr'>confitemini,</span> <span class='ocrx_word' id='word_1_203' title='bbox 1582 3243 1788 3331; x_wconf 90' lang='lat' dir='ltr'>longe</span> <span class='ocrx_word' id='word_1_204' title='bbox 1861 3242 2058 3309; x_wconf 90' lang='lat' dir='ltr'>aliter</span> <span class='ocrx_word' id='word_1_205' title='bbox 2119 3261 2193 3308; x_wconf 92' lang='lat' dir='ltr'>se</span> <span class='ocrx_word' id='word_1_206' title='bbox 2237 3260 2388 3309; x_wconf 87' lang='lat' dir='ltr'>rem</span> <span class='ocrx_word' id='word_1_207' title='bbox 2435 3240 2691 3308; x_wconf 88' lang='lat' dir='ltr'>habere</span> 
     </span>
    </p>
   </div>
   <div class='ocr_carea' id='block_1_3' title="bbox 411 3430 806 3442">
    <p class='ocr_par' dir='ltr' id='par_1_12' title="bbox 411 3430 806 3442">
     <span class='ocr_line' id='line_1_29' title="bbox 411 3430 806 3442; baseline 0 1717"><span class='ocrx_word' id='word_1_208' title='bbox 411 3430 806 3442; x_wconf 95' lang='lat' dir='ltr'> </span> 
     </span>
    </p>
   </div>
   <div class='ocr_carea' id='block_1_4' title="bbox 413 3534 2698 4376">
    <p class='ocr_par' dir='ltr' id='par_1_13' title="bbox 413 3534 2698 4280">
     <span class='ocr_line' id='line_1_30' title="bbox 499 3534 2694 3617; baseline -0.004 -14"><span class='ocrx_word' id='word_1_209' title='bbox 499 3548 556 3617; x_wconf 89' lang='lat'>1)</span> <span class='ocrx_word' id='word_1_210' title='bbox 598 3542 686 3603; x_wconf 84' lang='lat' dir='ltr'>Cf.</span> <span class='ocrx_word' id='word_1_211' title='bbox 743 3542 877 3603; x_wconf 82' lang='lat' dir='ltr'>Seu.</span> <span class='ocrx_word' id='word_1_212' title='bbox 934 3541 1072 3616; x_wconf 83' lang='lat' dir='ltr'>frgt.</span> <span class='ocrx_word' id='word_1_213' title='bbox 1110 3545 1183 3599; x_wconf 88' lang='grc'>16</span> <span class='ocrx_word' id='word_1_214' title='bbox 1234 3540 1370 3600; x_wconf 89' lang='lat' dir='ltr'>edit.</span> <span class='ocrx_word' id='word_1_215' title='bbox 1416 3539 1637 3598; x_wconf 84' lang='lat' dir='ltr'>Haase:</span> <span class='ocrx_word' id='word_1_216' title='bbox 1691 3538 1889 3612; x_wconf 83' lang='lat' dir='ltr'>„Deus</span> <span class='ocrx_word' id='word_1_217' title='bbox 1930 3553 2057 3596; x_wconf 89' lang='lat' dir='ltr'>cum</span> <span class='ocrx_word' id='word_1_218' title='bbox 2097 3537 2285 3610; x_wconf 89' lang='lat' dir='ltr'>prima</span> <span class='ocrx_word' id='word_1_219' title='bbox 2322 3534 2694 3595; x_wconf 85' lang='lat' dir='ltr'>fundamenta</span> 
     </span>
     <span class='ocr_line' id='line_1_31' title="bbox 413 3629 2694 3712; baseline -0.005 -13"><span class='ocrx_word' id='word_1_220' title='bbox 413 3640 579 3698; x_wconf 84' lang='lat' dir='ltr'>molis</span> <span class='ocrx_word' id='word_1_221' title='bbox 630 3638 1048 3712; x_wconf 87' lang='lat' dir='ltr'>pulcherrimae</span> <span class='ocrx_word' id='word_1_222' title='bbox 1093 3636 1310 3695; x_wconf 86' lang='lat' dir='ltr'>iaceret</span> <span class='ocrx_word' id='word_1_223' title='bbox 1350 3640 1410 3694; x_wconf 90' lang='lat' dir='ltr'>et</span> <span class='ocrx_word' id='word_1_224' title='bbox 1447 3634 1558 3693; x_wconf 85' lang='lat' dir='ltr'>hoc</span> <span class='ocrx_word' id='word_1_225' title='bbox 1597 3634 1887 3693; x_wconf 89' lang='lat' dir='ltr'>ordiretur</span> <span class='ocrx_word' id='word_1_226' title='bbox 1923 3650 2037 3706; x_wconf 90' lang='lat' dir='ltr'>quo</span> <span class='ocrx_word' id='word_1_227' title='bbox 2078 3647 2264 3705; x_wconf 88' lang='lat' dir='ltr'>neque</span> <span class='ocrx_word' id='word_1_228' title='bbox 2304 3632 2486 3692; x_wconf 88' lang='lat' dir='ltr'>maius</span> <span class='ocrx_word' id='word_1_229' title='bbox 2528 3629 2694 3703; x_wconf 89' lang='lat' dir='ltr'>quid-</span> 
     </span>
     <span class='ocr_line' id='line_1_32' title="bbox 414 3726 2690 3806; baseline -0.005 -14"><span class='ocrx_word' id='word_1_230' title='bbox 414 3750 588 3806; x_wconf 86' lang='lat' dir='ltr'>quam</span> <span class='ocrx_word' id='word_1_231' title='bbox 643 3733 806 3792; x_wconf 87' lang='lat' dir='ltr'>novit</span> <span class='ocrx_word' id='word_1_232' title='bbox 856 3737 1066 3791; x_wconf 89' lang='lat' dir='ltr'>natura</span> <span class='ocrx_word' id='word_1_233' title='bbox 1083 3775 1100 3805; x_wconf 89' lang='lat'>,</span> <span class='ocrx_word' id='word_1_234' title='bbox 1160 3746 1268 3790; x_wconf 87' lang='lat' dir='ltr'>nec</span> <span class='ocrx_word' id='word_1_235' title='bbox 1300 3729 1502 3788; x_wconf 83' lang='lat' dir='ltr'>melius</span> <span class='ocrx_word' id='word_1_236' title='bbox 1516 3772 1533 3801; x_wconf 82' lang='lat'>,</span> <span class='ocrx_word' id='word_1_237' title='bbox 1574 3733 1642 3786; x_wconf 90' lang='lat' dir='ltr'>ut</span> <span class='ocrx_word' id='word_1_238' title='bbox 1694 3728 1887 3786; x_wconf 87' lang='lat' dir='ltr'>omnia</span> <span class='ocrx_word' id='word_1_239' title='bbox 1924 3727 2030 3787; x_wconf 83' lang='lat' dir='ltr'>sub</span> <span class='ocrx_word' id='word_1_240' title='bbox 2071 3726 2311 3786; x_wconf 84' lang='lat' dir='ltr'>ducibus</span> <span class='ocrx_word' id='word_1_241' title='bbox 2352 3728 2469 3785; x_wconf 83' lang='lat' dir='ltr'>suis</span> <span class='ocrx_word' id='word_1_242' title='bbox 2507 3727 2690 3797; x_wconf 89' lang='lat' dir='ltr'>irent,</span> 
     </span>
     <span class='ocr_line' id='line_1_33' title="bbox 415 3820 2695 3900; baseline -0.005 -13"><span class='ocrx_word' id='word_1_243' title='bbox 415 3828 753 3900; x_wconf 85' lang='lat' dir='ltr'>quamvis</span> <span class='ocrx_word' id='word_1_244' title='bbox 817 3828 980 3900; x_wconf 85' lang='lat' dir='ltr'>ipse</span> <span class='ocrx_word' id='word_1_245' title='bbox 1033 3842 1168 3900; x_wconf 88' lang='lat' dir='ltr'>per</span> <span class='ocrx_word' id='word_1_246' title='bbox 1220 3830 1456 3885; x_wconf 89' lang='lat' dir='ltr'>totum</span> <span class='ocrx_word' id='word_1_247' title='bbox 1503 3839 1579 3882; x_wconf 87' lang='lat' dir='ltr'>se</span> <span class='ocrx_word' id='word_1_248' title='bbox 1627 3839 1899 3896; x_wconf 84' lang='lat' dir='ltr'>corpus</span> <span class='ocrx_word' id='word_1_249' title='bbox 1936 3820 2406 3893; x_wconf 86' lang='lat' dir='ltr'>intenderat,</span> <span class='ocrx_word' id='word_1_250' title='bbox 2452 3825 2695 3878; x_wconf 87' lang='lat' dir='ltr'>tamen</span> 
     </span>
     <span class='ocr_line' id='line_1_34' title="bbox 417 3911 2695 3995; baseline -0.005 -14"><span class='ocrx_word' id='word_1_251' title='bbox 417 3923 821 3981; x_wconf 85' lang='lat' dir='ltr'>ministros</span> <span class='ocrx_word' id='word_1_252' title='bbox 872 3920 1092 3995; x_wconf 85' lang='lat' dir='ltr'>regni</span> <span class='ocrx_word' id='word_1_253' title='bbox 1142 3916 1642 3992; x_wconf 74' lang='lat' dir='ltr'>sui‘genuit.&#39;’</span> <span class='ocrx_word' id='word_1_254' title='bbox 1727 3916 1815 3975; x_wconf 86' lang='lat' dir='ltr'>cf.</span> <span class='ocrx_word' id='word_1_255' title='bbox 1861 3915 1997 3990; x_wconf 83' lang='lat' dir='ltr'>frgt.</span> <span class='ocrx_word' id='word_1_256' title='bbox 2043 3920 2150 3973; x_wconf 85' lang='lat'>26:</span> <span class='ocrx_word' id='word_1_257' title='bbox 2196 3915 2371 3990; x_wconf 85' lang='lat' dir='ltr'>„Non</span> <span class='ocrx_word' id='word_1_258' title='bbox 2408 3911 2695 3984; x_wconf 81' lang='lat' dir='ltr'>intellegis</span> 
     </span>
     <span class='ocr_line' id='line_1_35' title="bbox 419 4009 2693 4085; baseline -0.006 -9"><span class='ocrx_word' id='word_1_259' title='bbox 419 4017 820 4076; x_wconf 86' lang='lat' dir='ltr'>auctoritatem</span> <span class='ocrx_word' id='word_1_260' title='bbox 886 4032 957 4076; x_wconf 88' lang='lat' dir='ltr'>ac</span> <span class='ocrx_word' id='word_1_261' title='bbox 1021 4016 1377 4078; x_wconf 82' lang='lat' dir='ltr'>maiestatem</span> <span class='ocrx_word' id='word_1_262' title='bbox 1443 4011 1648 4071; x_wconf 84' lang='lat' dir='ltr'>iudicis</span> <span class='ocrx_word' id='word_1_263' title='bbox 1709 4011 1797 4069; x_wconf 90' lang='lat' dir='ltr'>tui</span> <span class='ocrx_word' id='word_1_264' title='bbox 1817 4053 1835 4085; x_wconf 89' lang='lat'>,</span> <span class='ocrx_word' id='word_1_265' title='bbox 1895 4010 2138 4069; x_wconf 83' lang='lat' dir='ltr'>rectoris</span> <span class='ocrx_word' id='word_1_266' title='bbox 2198 4009 2353 4068; x_wconf 87' lang='lat' dir='ltr'>orbis</span> <span class='ocrx_word' id='word_1_267' title='bbox 2412 4012 2693 4066; x_wconf 88' lang='lat' dir='ltr'>terrarum</span> 
     </span>
     <span class='ocr_line' id='line_1_36' title="bbox 421 4101 2698 4185; baseline -0.005 -15"><span class='ocrx_word' id='word_1_268' title='bbox 421 4112 680 4185; x_wconf 86' lang='lat' dir='ltr'>coelique</span> <span class='ocrx_word' id='word_1_269' title='bbox 734 4116 795 4172; x_wconf 89' lang='lat' dir='ltr'>et</span> <span class='ocrx_word' id='word_1_270' title='bbox 846 4110 1081 4171; x_wconf 89' lang='lat' dir='ltr'>deorum</span> <span class='ocrx_word' id='word_1_271' title='bbox 1138 4110 1387 4169; x_wconf 90' lang='lat' dir='ltr'>omnium</span> <span class='ocrx_word' id='word_1_272' title='bbox 1425 4107 1555 4180; x_wconf 91' lang='lat' dir='ltr'>dei,</span> <span class='ocrx_word' id='word_1_273' title='bbox 1596 4122 1633 4165; x_wconf 91' lang='lat' dir='ltr'>a</span> <span class='ocrx_word' id='word_1_274' title='bbox 1672 4120 1787 4177; x_wconf 89' lang='lat' dir='ltr'>quo</span> <span class='ocrx_word' id='word_1_275' title='bbox 1826 4106 1941 4163; x_wconf 88' lang='lat' dir='ltr'>ista</span> <span class='ocrx_word' id='word_1_276' title='bbox 1979 4104 2243 4175; x_wconf 90' lang='lat' dir='ltr'>numina,</span> <span class='ocrx_word' id='word_1_277' title='bbox 2281 4112 2434 4176; x_wconf 84' lang='lat' dir='ltr'>&#39;quae</span> <span class='ocrx_word' id='word_1_278' title='bbox 2472 4101 2698 4174; x_wconf 84' lang='lat' dir='ltr'>singula</span> 
     </span>
     <span class='ocr_line' id='line_1_37' title="bbox 421 4199 1686 4280; baseline -0.007 -13"><span class='ocrx_word' id='word_1_279' title='bbox 421 4207 726 4267; x_wconf 82' lang='lat' dir='ltr'>adoramus</span> <span class='ocrx_word' id='word_1_280' title='bbox 766 4211 826 4266; x_wconf 89' lang='lat' dir='ltr'>et</span> <span class='ocrx_word' id='word_1_281' title='bbox 865 4206 1102 4266; x_wconf 84' lang='lat' dir='ltr'>colimus</span> <span class='ocrx_word' id='word_1_282' title='bbox 1117 4250 1133 4280; x_wconf 87' lang='lat'>‚</span> <span class='ocrx_word' id='word_1_283' title='bbox 1174 4218 1452 4277; x_wconf 80' lang='lat' dir='ltr'>suspensa</span> <span class='ocrx_word' id='word_1_284' title='bbox 1492 4199 1686 4260; x_wconf 86' lang='lat' dir='ltr'>sunt.&#39;’</span> 
     </span>
    </p>

    <p class='ocr_par' dir='ltr' id='par_1_14' title="bbox 502 4294 2271 4376">
     <span class='ocr_line' id='line_1_38' title="bbox 502 4294 2271 4376; baseline -0.006 -15"><span class='ocrx_word' id='word_1_285' title='bbox 502 4307 564 4375; x_wconf 81' lang='lat'>2)</span> <span class='ocrx_word' id='word_1_286' title='bbox 606 4300 693 4361; x_wconf 79' lang='lat' dir='ltr'>Of.</span> <span class='ocrx_word' id='word_1_287' title='bbox 734 4303 977 4376; x_wconf 79' lang='lat' dir='ltr'>August.</span> <span class='ocrx_word' id='word_1_288' title='bbox 1024 4306 1055 4360; x_wconf 79' lang='lat'><strong>7</strong></span> <span class='ocrx_word' id='word_1_289' title='bbox 1083 4319 1099 4359; x_wconf 92' lang='lat'>:</span> <span class='ocrx_word' id='word_1_290' title='bbox 1123 4305 1178 4359; x_wconf 85' lang='grc'>9.</span> <span class='ocrx_word' id='word_1_291' title='bbox 1420 4300 1480 4369; x_wconf 86' lang='grc'>3)</span> <span class='ocrx_word' id='word_1_292' title='bbox 1522 4294 1684 4356; x_wconf 85' lang='lat' dir='ltr'>Serv.</span> <span class='ocrx_word' id='word_1_293' title='bbox 1728 4294 1804 4355; x_wconf 91' lang='lat' dir='ltr'>ad</span> <span class='ocrx_word' id='word_1_294' title='bbox 1843 4294 1990 4353; x_wconf 89' lang='lat' dir='ltr'>Aen.</span> <span class='ocrx_word' id='word_1_295' title='bbox 2030 4296 2108 4351; x_wconf 83' lang='lat'>4:</span> <span class='ocrx_word' id='word_1_296' title='bbox 2134 4296 2271 4351; x_wconf 84' lang='lat'><strong>638.</strong></span> 
     </span>
    </p>
   </div>
  </div>
 </body>
</html>
