3434 5159
1504 356 1599 425 23

410 586 649 648 tamen
712 579 882 646 deae
942 578 1326 667 personali,
1389 582 1465 646 ut
1529 577 1761 665 aiunt,
1823 584 1891 647 et
1935 579 2202 667 potenti
2248 580 2682 669 credidisset,

410 691 490 753 ut
541 683 788 772 vulgus
849 683 1209 769 credebat,
1270 703 1444 751 num
1502 683 1707 751 modo
1753 703 1897 752 uno
1944 684 2130 772 loco,
2177 684 2387 774 idque
2433 685 2680 773 obiter,

411 789 756 856 Venerem
804 792 1410 855 commemorasset
1431 787 1468 853 ‘I

501 892 594 960 At
654 892 740 959 de
801 892 934 960 hoc
993 892 1144 963 loco
1204 892 1551 979 imprimis
1613 910 1746 977 „ex
1799 911 2036 981 ungue
2093 893 2408 962 leonem'’
2457 895 2687 964 dicere

413 1017 813 1084 possumus:
846 1016 1014 1064 nam
1047 996 1163 1063 alii
1195 996 1308 1064 dei
1341 994 1683 1083 Olympici
1713 1014 1859 1063 non
1890 996 2249 1084 pulchrius
2281 997 2682 1069 discedunt!

500 1101 691 1169 Alibi
754 1102 946 1170 enim
998 1105 1318 1170 matrona
1363 1099 1739 1193 furibunda
1786 1105 1854 1168 et
1902 1102 2195 1170 attonita
2239 1103 2314 1171 in
2360 1123 2689 1172 scaenam

413 1205 673 1294 prodit:
708 1204 767 1294 1)

547 1309 875 1396 „vocibus
921 1309 1030 1378 his
1075 1310 1375 1398 prodens
1422 1313 1791 1397 urgentem
1834 1313 2118 1396 pectora
2163 1308 2559 1380 Phoebum:

547 1433 684 1501 quo
729 1415 942 1501 feror,
991 1435 1031 1482 o
1077 1413 1346 1484 Paean:
1404 1432 1543 1502 qua
1590 1433 1703 1481 me
1749 1433 1959 1501 super
2005 1413 2284 1483 aethera
2328 1420 2602 1504 raptam

546 1520 904 1589 constituis
947 1524 1133 1587 terra
1151 1519 1210 1586 l'’

501 1621 821 1692 Phoebus
882 1627 1115 1692 autem
1176 1623 1427 1692 surdus
1475 1621 1748 1691 videtur
1768 1674 1786 1707 ,
1833 1640 1965 1689 nec
2010 1625 2401 1690 matronam
2449 1622 2684 1711 aliquo

409 1745 745 1813 responso
802 1727 1158 1816 dignatur,
1230 1732 1309 1795 ut
1371 1727 1521 1794 sine
1580 1724 1795 1794 dubio
1856 1729 2215 1794 matronae
2274 1726 2685 1795 Homericae

411 1829 833 1919 gratificatus
888 1837 1101 1918 esset,
1150 1831 1271 1899 sed
1316 1836 1684 1916 „matrona
1730 1830 1903 1898 haec
1950 1830 2079 1914 ait,
2131 1835 2199 1898 et
2245 1829 2424 1900 lasso
2469 1832 2686 1901 iacuit

415 1935 681 2002 defecta
740 1935 1047 2022 furore’',
1109 1942 1177 2002 et
1240 1955 1400 2004 cum
1463 1940 1783 2002 matrona
1837 1939 1990 2003 tum
2035 1933 2315 2004 Phoebo
2362 1936 2682 2021 desertis,

411 2040 589 2107 liber
618 2040 847 2108 subito
871 2040 1183 2129 explicit!
1235 2039 1676 2127 Quamquam
1708 2037 2029 2107 Phoebus
2060 2039 2447 2126 invocatur,
2480 2045 2684 2129 poeta

412 2163 555 2212 non
619 2144 860 2212 edocet
919 2163 1098 2232 quae
1157 2144 1247 2212 sit
1308 2143 1572 2211 Phoebi
1629 2143 1942 2230 potentia
2004 2162 2233 2231 neque
2292 2162 2431 2232 quo
2477 2144 2684 2212 modo

413 2248 610 2315 illam
655 2247 988 2318 feminam
1034 2247 1507 2337 inspiraverit:
1568 2245 1740 2315 deus
1784 2247 2267 2316 tantummodo
2313 2268 2508 2316 mera
2550 2267 2683 2315 vox

410 2351 721 2438 videtur,
771 2352 858 2419 ad
886 2372 1037 2420 rem
1070 2350 1664 2441 amplificandam,
1698 2369 1844 2419 non
1875 2355 1956 2419 ut
1984 2351 2368 2439 quidquam
2399 2350 2679 2438 efficiat,

412 2455 785 2525 adhibitus·
1419 2457 1423 2461 ’

497 2559 725 2627 Etiam
774 2559 907 2629 alio
952 2560 1104 2629 loco
1149 2559 1510 2628 Phoebum
1558 2564 2090 2642 commemorat,
2150 2578 2287 2646 quo
2331 2559 2676 2647 imprimis

403 2664 853 2752 perspicuum
915 2669 1054 2750 est,
1121 2669 1463 2752 quantum
1525 2667 1762 2731 noster
1821 2662 2140 2751 dignitati
2192 2664 2679 2752 potentiaeque

405 2768 696 2837 deorum
743 2768 1265 2858 Olympicorum
1311 2768 1612 2857 deroget.
1690 2767 1927 2835 Primo
1971 2772 2310 2856 tanquam
2356 2768 2558 2836 heros
2592 2788 2677 2836 ex

402 2872 636 2962 aliqua
680 2873 913 2943 fabula
957 2874 1345 2959 inducitur;
1394 2891 1597 2942 nam:
1771 2896 1776 2901 ·

492 2977 735 3063 „Ultor
777 2978 876 3047 ibi
922 2979 1248 3066 expulsae
1293 2982 1640 3067 premeret
1687 2997 1849 3046 cum
1894 2977 2158 3044 viscera
2202 2981 2444 3065 partus

493 3082 733 3149 matris
780 3083 1006 3151 adhuc
1050 3083 1342 3152 rudibus
1389 3082 1620 3149 Paean
1666 3081 1982 3170 Pythona
2026 3081 2291 3169 sagittis

492 3186 849 3273 explicuit,
899 3207 1061 3256 cum
1106 3206 1322 3277 regna
1366 3186 1648 3253 Themis
1693 3186 2138 3273 tripodasque
2183 3187 2517 3254 teneret.'’
2542 3187 2604 3275 ²)

491 3287 768 3357 Iuvenis
799 3295 1123 3360 strenuus
1155 3296 1224 3358 et
1253 3291 1548 3380 impiger
1577 3290 1789 3358 fuisse
1819 3288 2111 3373 videtur,
2142 3287 2453 3377 Pythone
2482 3291 2672 3359 enim

399 3392 516 3460 vix
561 3393 923 3462 interfecto
939 3448 957 3481 ,

634 3503 758 3584 „ut
802 3498 973 3566 vidit
1015 3499 1248 3567 Paean
1294 3503 1522 3566 vastos
1565 3496 1833 3566 telluris
1878 3497 2107 3565 hiatus

623 3603 932 3672 divinam
978 3605 1239 3692 spirare
1285 3602 1495 3672 fidem
1511 3656 1529 3689 ,
1579 3606 1958 3689 ventosque
2003 3601 2328 3690 loquaces

633 3707 953 3776 exhalare
999 3707 1226 3778 solum
1246 3760 1264 3794 ,
1311 3708 1526 3776 sacris
1571 3727 1645 3775 se
1692 3704 2001 3776 condidit
2046 3707 2266 3775 antris

618 3811 1075 3901 incubuitque
1122 3813 1323 3901 adyto
1339 3864 1357 3899 ,
1405 3817 1596 3880 vates
1639 3811 1742 3879 ibi
1788 3811 2009 3880 factus
2054 3809 2366 3898 Ap0110.'’
2393 3809 2456 3899 3)

490 3914 679 3983 Num
725 3918 917 4006 origo
954 3918 1216 3987 oraculi
1247 3917 1561 4005 Delphici
1593 3935 1940 4004 causaque
1971 3915 2319 4002 potentiae
2351 3914 2671 3984 fatidicae

398 4020 623 4108 magis
667 4020 913 4110 frigide
961 4027 1028 4088 et
1070 4023 1305 4090 ieiune
1345 4021 1530 4089 tradi
1560 4021 1838 4109 potest‘?
1886 4019 2017 4086 Sed
2053 4038 2231 4106 quae
2262 4025 2669 4106 sequuntur,

396 4122 600 4192 illum
645 4125 984 4194 miserum
1028 4126 1354 4194 iuvenem
1400 4144 1622 4213 paene
1667 4123 2043 4193 ridiculum
2082 4122 2417 4191 reddunt!
2489 4122 2670 4193 Satis

484 4355 542 4426 1)
583 4351 783 4411 Phars-
826 4351 1054 4412 1:677.
1217 4354 1277 4424 2)
1317 4350 1518 4412 Phars.
1560 4349 1612 4409 V
1637 4374 1650 4408 ε
1677 4353 1750 4408 79
1774 4365 1859 4423 sq.
2023 4351 2083 4421 3)
2125 4345 2326 4405 Phars.
2369 4345 2560 4404 V:83
2581 4360 2666 4419 sq.
