3434 5159
1483 280 1558 348 17

380 512 604 576 tutem
672 502 1179 572 intolerabilem
1244 521 1478 589 pugna
1532 499 1928 568 Pharsalica
1942 552 1961 584 ‚
2009 500 2337 590 Pompeio
2384 500 2620 589 fugato
2640 555 2657 586 ,

383 610 723 678 Romanis
802 606 1142 690 attulerit,
1212 605 1496 673 tandem
1557 624 1834 674 summa
1903 604 2382 694 desperatione
2455 609 2660 693 atque

385 733 663 784 summo
711 713 941 781 furore
990 710 1366 777 exclamat:

581 864 1049 885 .....
1126 831 1161 881 Αε
1209 810 1437 897 „Sunt
1480 812 1682 880 nobis
1730 811 1923 880 nulla
1968 813 2274 901 profecto

566 922 894 989 numina:
946 938 1107 987 cum
1156 937 1361 986 caeco
1408 918 1770 1005 rapiantur
1816 916 2092 985 saecula
2141 936 2305 985 casu
2323 970 2340 1001 ,

568 1026 949 1093 mentimur
994 1041 1288 1112 regnare
1334 1021 1590 1089 Iovem.
1638 1020 1993 1109 Spectabit
2039 1022 2126 1090 ab
2175 1022 2312 1090 alto

571 1130 848 1197 aethere
894 1126 1355 1211 ThessalicaS,
1403 1130 1637 1193 teneat
1682 1145 1844 1194 cum
1891 1126 2219 1211 fulmina,
2271 1126 2569 1195 caedes‘?
2643 1163 2648 1166 -

575 1286 589 1301 .
686 1286 700 1300 .
798 1286 812 1300 .
910 1285 953 1299 ..
1020 1282 1599 1299 ......
1648 1228 1969 1298 Mortalia
2016 1230 2196 1300 nulli

571 1342 736 1406 sunt
782 1341 1019 1404 curata
1067 1335 1262 1404 de0.'’
1304 1334 1358 1425 ¹)

484 1442 672 1510 Num
717 1461 1030 1530 unquam
1069 1442 1438 1529 quisquam
1470 1444 1676 1529 poeta
1696 1492 1713 1525 ‚
1750 1440 1960 1507 etiam
1991 1439 2461 1508 recentiorum
2493 1445 2669 1507 tem-

395 1544 678 1634 porum,
727 1546 1206 1613 vehementius
1254 1551 1373 1614 aut
1419 1544 1771 1629 acerbiuS,
1804 1544 2033 1612 verbis
2067 1545 2289 1633 magis
2323 1544 2669 1613 atrocibus

397 1655 518 1718 aut
564 1650 762 1736 diris,
813 1650 1265 1740 significavit,
1315 1669 1390 1717 se
1436 1648 1521 1716 de
1554 1648 1700 1716 deis
1719 1700 1737 1733 ,
1790 1647 1875 1715 de
1907 1649 2376 1736 providentia,
2414 1648 2499 1716 de
2530 1653 2673 1716 tota

398 1754 644 1822 mundi
716 1754 1314 1822 administratione
1390 1752 1707 1821 dubitare
1726 1752 1764 1819 ‘2
1852 1750 2102 1820 Nonne
2165 1752 2375 1821 etiam
2439 1753 2672 1838 inviti,

398 1858 701 1926 hominis
779 1860 1193 1926 miseremur
1216 1910 1236 1943 ,A
1271 1900 1275 1904 -
1316 1877 1397 1924 eo
1478 1856 1976 1944 desperationis
2055 1876 2291 1926 rerum
2361 1858 2669 1925 omnium

404 1962 717 2048 adducti,
767 1967 844 2030 ut
889 1962 974 2030 de
1023 1963 1291 2030 cunctis
1338 1961 1659 2029 dubitet‘l

495 2065 629 2134 Sed
661 2068 848 2135 unde
879 2066 996 2134 illa
1028 2066 1164 2150 ira,
1198 2066 1387 2134 unde
1417 2066 1536 2132 illa
1567 2065 1941 2153 impietas‘?
1989 2065 2178 2135 Num
2207 2086 2449 2134 revera
2471 2071 2674 2156 poeta
2698 2093 2818 2157 puae
2852 2095 2998 2146 poetae
3021 2093 3082 2132 im

403 2171 567 2238 deos
626 2191 918 2260 regnare
976 2172 1234 2259 negat‘?
1318 2170 1427 2237 Ad
1473 2170 1648 2237 haec
1693 2171 2125 2258 expedienda
2170 2172 2396 2259 primo
2452 2191 2674 2259 pauca
2698 2146 2971 2240 ffia‘ssssiflr‘fm
2991 2156 3081 2186 ⁶⁸⁸⁰

403 2296 443 2341 e
503 2277 642 2343 vita
702 2275 969 2344 Lucani
1028 2274 1405 2363 repetenda
1467 2279 1651 2342 sunt.
1746 2275 1838 2342 Ut
1895 2276 2061 2342 satis
2107 2284 2351 2344 notum
2398 2296 2436 2342 e
2484 2296 2673 2343 com-

404 2380 761 2447 mentariis
809 2380 894 2446 de
933 2380 1073 2447 vita
1119 2385 1399 2467 poetae,
1450 2377 1774 2446 Lucanus
1819 2380 2091 2447 iuvenis
2129 2381 2203 2446 in
2237 2380 2467 2448 locum
2499 2381 2673 2446 ami-

386 2503 647 2579 corum
694 2503 734 2550 a
783 2483 1060 2551 Nerone
1109 2487 1539 2571 assumptuS‚
1575 2503 1716 2550 non
1749 2484 1872 2551 diu
1902 2484 1977 2550 in
2009 2484 2226 2571 gratia
2256 2485 2671 2572 permansit,

401 2606 570 2654 nam
615 2587 1031 2675 Imperator,
1069 2588 1212 2654 sive
1246 2587 1395 2655 eius
1427 2587 1665 2676 lingua
1695 2588 1915 2655 libera
1951 2588 2209 2674 laesuS‚
2244 2589 2388 2656 sive
2419 2588 2676 2678 gloriae

401 2691 712 2779 poeticae
758 2691 1111 2775 invidenS‚
1161 2690 1444 2760 Lucano
1477 2691 2100 2761 declamationibus
2131 2693 2430 2781 publicis
2459 2693 2675 2759 inter-

402 2795 610 2882 dixit,
685 2796 973 2884 aliisque
1042 2796 1265 2863 modis
1329 2816 1489 2863 eum
1552 2796 1685 2863 sibi
1745 2796 2293 2867 infensissimum
2356 2796 2675 2865 reddidit.

402 2899 653 2968 Tribus
699 2900 893 2967 libris
940 2899 1334 2967 Pharsaliae
1365 2902 1506 2968 iam
1531 2902 1839 2989 scriptis,
1876 2901 2046 2969 alios
2080 2907 2234 2991 post
2265 2901 2439 2969 illud
2471 2901 2677 2969 disci-

401 3003 596 3071 dium
642 3004 1008 3092 perfecisse
1055 3003 1345 3073 videtur.
1412 3004 1594 3085 Quid
1649 3010 1910 3074 mirum
1954 3007 2182 3095 igitur,
2225 3006 2285 3073 si
2317 3007 2674 3094 antiquam

401 3108 907 3196 rempublicam
945 3108 1237 3176 liberam
1265 3110 1710 3176 vehementer
1737 3110 2098 3196 desiderat,
2124 3109 2677 3195 sigCaesarem‘ut

402 3218 778 3300 tyrannum
849 3219 914 3279 et
975 3213 1313 3281 libertatis
1373 3215 1940 3282 inimicissimum
2011 3214 2167 3282 odio
2201 3214 2640 3303 prosequitur
2663 3266 2679 3297 ,

402 3315 814 3404 Pompeium
832 3323 1083 3403 autem,
1106 3322 1183 3385 ut
1200 3317 1496 3387 Senatus
1514 3319 2077 3407 reipublicaeque
2095 3318 2353 3386 liberae
2371 3338 2673 3406 propug-

401 3425 716 3488 natorem
763 3421 1057 3488 summis
1103 3421 1425 3490 laudibus
1471 3421 1719 3490 effert‘?
1783 3423 1931 3489 Hoc
1978 3422 2128 3489 loco
2163 3423 2499 3489 disserere
2530 3441 2672 3489 non

402 3524 593 3611 licet,
630 3545 804 3593 num
834 3531 1036 3614 poeta
1067 3526 1277 3614 idque
1310 3546 1584 3593 summa
1616 3528 1875 3594 iniuria
1905 3529 2288 3615 putaverit,
2322 3527 2673 3615 principa-

402 3633 554 3697 tum
597 3629 1126 3717 imperatorum,
1192 3649 1335 3697 non
1374 3650 1498 3718 per
1537 3650 1611 3698 se
1657 3629 2165 3717 inevitabilem,
2215 3630 2338 3697 sed
2382 3630 2588 3697 modo
2637 3650 2682 3724 e

401 3733 686 3800 victoria
732 3731 1045 3800 Caesaris
1091 3737 1320 3801 ortum
1368 3753 1517 3801 esse
1536 3787 1553 3820 ,
1602 3753 1775 3803 num
1825 3753 2098 3820 revera,
2138 3754 2279 3804 non
2314 3735 2673 3822 antiquam

401 3835 786 3904 libertatem
806 3890 823 3920 ‚
886 3838 1010 3906 sed
1070 3837 1366 3906 Senatus
1409 3839 1571 3906 'sive
1635 3839 2076 3927 optimatium
2124 3839 2671 3906 dominationem

402 3941 922 4009 desideraverit:
986 3943 1108 4010 sed
1168 3942 1454 4012 fortasse
1518 3942 1682 4011 alibi
1748 3942 1942 4011 locus
2001 3943 2132 4011 erit
2179 3943 2285 4011 his
2333 3942 2673 4012 derebus

404 4045 806 4114 disserendi.
1880 4058 1885 4064 '

491 4255 547 4325 1)
586 4251 787 4311 Phars.
830 4251 1347 4324 V112445—448,
1390 4205 1644 4308 454-45.
