<?xml version="1.0" encoding="UTF-8"?>
<!DOCTYPE html PUBLIC "-//W3C//DTD XHTML 1.0 Transitional//EN"
    "http://www.w3.org/TR/xhtml1/DTD/xhtml1-transitional.dtd">
<html xmlns="http://www.w3.org/1999/xhtml" xml:lang="en" lang="en">
 <head>
  <title>
</title>
<meta http-equiv="Content-Type" content="text/html;charset=utf-8" />
  <meta name='ocr-system' content='tesseract 3.04.00' />
  <meta name='ocr-capabilities' content='ocr_page ocr_carea ocr_par ocr_line ocrx_word'/>
</head>
<body>
  <div class='ocr_page' id='page_1' title='image "./lucanisententia00millgoog_0048.png"; bbox 0 0 3434 5159; ppageno 0'>
   <div class='ocr_carea' id='block_1_1' title="bbox 1812 325 1907 397">
    <p class='ocr_par' dir='ltr' id='par_1_1' title="bbox 1812 325 1907 397">
     <span class='ocr_line' id='line_1_1' title="bbox 1812 325 1907 397; baseline 0 0"><span class='ocrx_word' id='word_1_1' title='bbox 1812 325 1907 397; x_wconf 81' lang='lat'>36</span> 
     </span>
    </p>
   </div>
   <div class='ocr_carea' id='block_1_2' title="bbox 705 550 2998 3263">
    <p class='ocr_par' dir='ltr' id='par_1_2' title="bbox 706 550 2998 851">
     <span class='ocr_line' id='line_1_2' title="bbox 706 550 2994 642; baseline 0.002 -23"><span class='ocrx_word' id='word_1_2' title='bbox 706 555 892 622; x_wconf 88' lang='lat' dir='ltr'>totus</span> <span class='ocrx_word' id='word_1_3' title='bbox 952 553 1098 622; x_wconf 89' lang='lat' dir='ltr'>suis</span> <span class='ocrx_word' id='word_1_4' title='bbox 1164 552 1482 642; x_wconf 88' lang='lat' dir='ltr'>partibus</span> <span class='ocrx_word' id='word_1_5' title='bbox 1540 550 1834 633; x_wconf 81' lang='lat' dir='ltr'>indituS,</span> <span class='ocrx_word' id='word_1_6' title='bbox 1885 556 1954 618; x_wconf 91' lang='lat' dir='ltr'>et</span> <span class='ocrx_word' id='word_1_7' title='bbox 1998 569 2072 617; x_wconf 91' lang='lat' dir='ltr'>se</span> <span class='ocrx_word' id='word_1_8' title='bbox 2118 551 2471 618; x_wconf 89' lang='lat' dir='ltr'>sustinens</span> <span class='ocrx_word' id='word_1_9' title='bbox 2518 552 2586 619; x_wconf 93' lang='lat' dir='ltr'>vi</span> <span class='ocrx_word' id='word_1_10' title='bbox 2630 572 2778 621; x_wconf 91' lang='lat' dir='ltr'>sua.</span> <span class='ocrx_word' id='word_1_11' title='bbox 2873 555 2994 623; x_wconf 89' lang='lat' dir='ltr'>Vis</span> 
     </span>
     <span class='ocr_line' id='line_1_3' title="bbox 713 646 2998 747; baseline 0.001 -23"><span class='ocrx_word' id='word_1_12' title='bbox 713 656 911 725; x_wconf 90' lang='lat' dir='ltr'>illum</span> <span class='ocrx_word' id='word_1_13' title='bbox 960 664 1285 726; x_wconf 87' lang='lat' dir='ltr'>naturam</span> <span class='ocrx_word' id='word_1_14' title='bbox 1332 656 1632 724; x_wconf 80' lang='lat' dir='ltr'>vocare‘?</span> <span class='ocrx_word' id='word_1_15' title='bbox 1702 654 1858 722; x_wconf 92' lang='lat' dir='ltr'>Non</span> <span class='ocrx_word' id='word_1_16' title='bbox 1910 655 2251 743; x_wconf 80' lang='lat' dir='ltr'>peccabis.</span> <span class='ocrx_word' id='word_1_17' title='bbox 2325 655 2449 723; x_wconf 91' lang='lat' dir='ltr'>Est</span> <span class='ocrx_word' id='word_1_18' title='bbox 2478 646 2704 742; x_wconf 86' lang='lat' dir='ltr'>enim,</span> <span class='ocrx_word' id='word_1_19' title='bbox 2742 678 2825 725; x_wconf 81' lang='lat' dir='ltr'>ex</span> <span class='ocrx_word' id='word_1_20' title='bbox 2860 679 2998 747; x_wconf 86' lang='lat' dir='ltr'>quo</span> 
     </span>
     <span class='ocr_line' id='line_1_4' title="bbox 715 761 2456 851; baseline -0.002 -21"><span class='ocrx_word' id='word_1_21' title='bbox 715 768 880 831; x_wconf 89' lang='lat' dir='ltr'>nata</span> <span class='ocrx_word' id='word_1_22' title='bbox 925 768 1089 831; x_wconf 91' lang='lat' dir='ltr'>sunt</span> <span class='ocrx_word' id='word_1_23' title='bbox 1137 763 1410 848; x_wconf 91' lang='lat' dir='ltr'>omnia,</span> <span class='ocrx_word' id='word_1_24' title='bbox 1461 763 1660 831; x_wconf 89' lang='lat' dir='ltr'>cuius</span> <span class='ocrx_word' id='word_1_25' title='bbox 1704 761 1953 849; x_wconf 89' lang='lat' dir='ltr'>spiritu</span> <span class='ocrx_word' id='word_1_26' title='bbox 1998 761 2363 829; x_wconf 87' lang='lat' dir='ltr'>vivimus.&#39;’</span> <span class='ocrx_word' id='word_1_27' title='bbox 2401 761 2456 851; x_wconf 88' lang='lat' dir='ltr'>l)</span> 
     </span>
    </p>

    <p class='ocr_par' dir='ltr' id='par_1_3' title="bbox 712 864 2995 1166">
     <span class='ocr_line' id='line_1_5' title="bbox 804 864 2995 956; baseline 0 -20"><span class='ocrx_word' id='word_1_28' title='bbox 804 867 891 936; x_wconf 91' lang='lat' dir='ltr'>Et</span> <span class='ocrx_word' id='word_1_29' title='bbox 950 867 1182 936; x_wconf 88' lang='lat' dir='ltr'>statim</span> <span class='ocrx_word' id='word_1_30' title='bbox 1241 868 1315 935; x_wconf 93' lang='lat' dir='ltr'>in</span> <span class='ocrx_word' id='word_1_31' title='bbox 1372 872 1684 934; x_wconf 82' lang='lat' dir='ltr'><strong>mentem</strong></span> <span class='ocrx_word' id='word_1_32' title='bbox 1736 866 2020 935; x_wconf 88' lang='lat' dir='ltr'>veniunt</span> <span class='ocrx_word' id='word_1_33' title='bbox 2066 864 2179 933; x_wconf 90' lang='lat' dir='ltr'>illi·</span> <span class='ocrx_word' id='word_1_34' title='bbox 2214 885 2456 935; x_wconf 89' lang='lat' dir='ltr'>versus</span> <span class='ocrx_word' id='word_1_35' title='bbox 2501 867 2820 956; x_wconf 79' lang='lat' dir='ltr'>Vergilii,</span> <span class='ocrx_word' id='word_1_36' title='bbox 2870 870 2995 939; x_wconf 89' lang='lat' dir='ltr'>ubi</span> 
     </span>
     <span class='ocr_line' id='line_1_6' title="bbox 712 969 2990 1053; baseline 0 -13"><span class='ocrx_word' id='word_1_37' title='bbox 712 971 1055 1040; x_wconf 78' lang='lat' dir='ltr'>Anchises</span> <span class='ocrx_word' id='word_1_38' title='bbox 1132 973 1206 1039; x_wconf 90' lang='lat' dir='ltr'>in</span> <span class='ocrx_word' id='word_1_39' title='bbox 1282 971 1524 1039; x_wconf 85' lang='lat' dir='ltr'>inferis</span> <span class='ocrx_word' id='word_1_40' title='bbox 1592 969 2041 1038; x_wconf 82' lang='lat' dir='ltr'>descendenti</span> <span class='ocrx_word' id='word_1_41' title='bbox 2110 969 2251 1038; x_wconf 89' lang='lat' dir='ltr'>filio</span> <span class='ocrx_word' id='word_1_42' title='bbox 2276 1023 2293 1053; x_wconf 96' lang='lat'>,</span> <span class='ocrx_word' id='word_1_43' title='bbox 2365 978 2629 1039; x_wconf 89' lang='lat' dir='ltr'>secreta</span> <span class='ocrx_word' id='word_1_44' title='bbox 2698 980 2990 1042; x_wconf 90' lang='lat' dir='ltr'>naturae</span> 
     </span>
     <span class='ocr_line' id='line_1_7' title="bbox 714 1073 2369 1166; baseline -0.002 -23"><span class='ocrx_word' id='word_1_45' title='bbox 714 1077 1067 1166; x_wconf 79' lang='lat' dir='ltr'>aperienS,</span> <span class='ocrx_word' id='word_1_46' title='bbox 1115 1074 1412 1143; x_wconf 92' lang='lat' dir='ltr'>eandem</span> <span class='ocrx_word' id='word_1_47' title='bbox 1458 1075 1848 1142; x_wconf 83' lang='lat' dir='ltr'>doctrinam</span> <span class='ocrx_word' id='word_1_48' title='bbox 1894 1073 2278 1162; x_wconf 87' lang='lat' dir='ltr'>profitetur.</span> <span class='ocrx_word' id='word_1_49' title='bbox 2312 1077 2369 1163; x_wconf 77' lang='grc'>2)</span> 
     </span>
    </p>

    <p class='ocr_par' dir='ltr' id='par_1_4' title="bbox 707 1177 2996 1583">
     <span class='ocr_line' id='line_1_8' title="bbox 805 1177 2996 1271; baseline 0.001 -23"><span class='ocrx_word' id='word_1_50' title='bbox 805 1180 930 1248; x_wconf 91' lang='lat' dir='ltr'>His</span> <span class='ocrx_word' id='word_1_51' title='bbox 961 1181 1172 1269; x_wconf 80' lang='lat' dir='ltr'>igitur</span> <span class='ocrx_word' id='word_1_52' title='bbox 1194 1180 1594 1269; x_wconf 82' lang='lat' dir='ltr'>praemissis</span> <span class='ocrx_word' id='word_1_53' title='bbox 1610 1231 1628 1264; x_wconf 95' lang='lat'>,</span> <span class='ocrx_word' id='word_1_54' title='bbox 1664 1177 1875 1246; x_wconf 84' lang='lat' dir='ltr'>verba</span> <span class='ocrx_word' id='word_1_55' title='bbox 1899 1183 2143 1266; x_wconf 90' lang='lat' dir='ltr'>poe&#39;tae</span> <span class='ocrx_word' id='word_1_56' title='bbox 2167 1180 2387 1247; x_wconf 89' lang='lat' dir='ltr'>nostri</span> <span class='ocrx_word' id='word_1_57' title='bbox 2411 1179 2542 1247; x_wconf 91' lang='lat' dir='ltr'>hac</span> <span class='ocrx_word' id='word_1_58' title='bbox 2566 1181 2652 1247; x_wconf 87' lang='lat' dir='ltr'>de</span> <span class='ocrx_word' id='word_1_59' title='bbox 2678 1202 2752 1249; x_wconf 98' lang='lat' dir='ltr'>re</span> <span class='ocrx_word' id='word_1_60' title='bbox 2777 1184 2996 1271; x_wconf 86' lang='lat' dir='ltr'>inspi-</span> 
     </span>
     <span class='ocr_line' id='line_1_9' title="bbox 708 1281 2992 1373; baseline 0 -20"><span class='ocrx_word' id='word_1_61' title='bbox 708 1287 1001 1354; x_wconf 80' lang='lat' dir='ltr'>ciamus,</span> <span class='ocrx_word' id='word_1_62' title='bbox 1048 1284 1148 1353; x_wconf 94' lang='lat' dir='ltr'>De</span> <span class='ocrx_word' id='word_1_63' title='bbox 1180 1285 1447 1373; x_wconf 83' lang='lat' dir='ltr'>origine</span> <span class='ocrx_word' id='word_1_64' title='bbox 1481 1283 1744 1352; x_wconf 87' lang='lat' dir='ltr'>oraculi</span> <span class='ocrx_word' id='word_1_65' title='bbox 1775 1281 2091 1371; x_wconf 88' lang='lat' dir='ltr'>Delphici</span> <span class='ocrx_word' id='word_1_66' title='bbox 2123 1282 2499 1369; x_wconf 79' lang='lat' dir='ltr'>disserenS,</span> <span class='ocrx_word' id='word_1_67' title='bbox 2534 1284 2716 1353; x_wconf 91' lang='lat' dir='ltr'>bella</span> <span class='ocrx_word' id='word_1_68' title='bbox 2740 1286 2992 1355; x_wconf 84' lang='lat' dir='ltr'>fabella</span> 
     </span>
     <span class='ocr_line' id='line_1_10' title="bbox 708 1388 2995 1480; baseline 0 -22"><span class='ocrx_word' id='word_1_69' title='bbox 708 1390 796 1458; x_wconf 92' lang='lat' dir='ltr'>de</span> <span class='ocrx_word' id='word_1_70' title='bbox 845 1389 1166 1480; x_wconf 87' lang='lat' dir='ltr'>Apolline</span> <span class='ocrx_word' id='word_1_71' title='bbox 1195 1395 1508 1475; x_wconf 88' lang='lat' dir='ltr'>narrata,</span> <span class='ocrx_word' id='word_1_72' title='bbox 1542 1389 1814 1477; x_wconf 89' lang='lat' dir='ltr'>quaerit</span> <span class='ocrx_word' id='word_1_73' title='bbox 1846 1388 2030 1475; x_wconf 89' lang='lat' dir='ltr'>quod</span> <span class='ocrx_word' id='word_1_74' title='bbox 2063 1408 2328 1456; x_wconf 91' lang='lat' dir='ltr'>numen</span> <span class='ocrx_word' id='word_1_75' title='bbox 2361 1390 2436 1456; x_wconf 91' lang='lat' dir='ltr'>in</span> <span class='ocrx_word' id='word_1_76' title='bbox 2468 1389 2604 1458; x_wconf 90' lang='lat' dir='ltr'>illis</span> <span class='ocrx_word' id='word_1_77' title='bbox 2638 1394 2953 1460; x_wconf 86' lang='lat' dir='ltr'>cavernis</span> <span class='ocrx_word' id='word_1_78' title='bbox 2977 1446 2995 1475; x_wconf 97' lang='lat'>,</span> 
     </span>
     <span class='ocr_line' id='line_1_11' title="bbox 707 1492 2914 1583; baseline 0 -21"><span class='ocrx_word' id='word_1_79' title='bbox 707 1495 897 1563; x_wconf 88' lang='lat' dir='ltr'>unde</span> <span class='ocrx_word' id='word_1_80' title='bbox 943 1495 1414 1564; x_wconf 82' lang='lat' dir='ltr'>exhalationes</span> <span class='ocrx_word' id='word_1_81' title='bbox 1460 1493 1782 1563; x_wconf 87' lang='lat' dir='ltr'>fatidicae</span> <span class='ocrx_word' id='word_1_82' title='bbox 1830 1492 2146 1581; x_wconf 77' lang='lat' dir='ltr'>Pythiam</span> <span class='ocrx_word' id='word_1_83' title='bbox 2192 1494 2568 1583; x_wconf 86' lang='lat' dir='ltr'>inspirent,</span> <span class='ocrx_word' id='word_1_84' title='bbox 2617 1495 2914 1564; x_wconf 89' lang='lat' dir='ltr'>habitet:</span> 
     </span>
    </p>

    <p class='ocr_par' dir='ltr' id='par_1_5' title="bbox 799 1597 2667 1689">
     <span class='ocr_line' id='line_1_12' title="bbox 799 1597 2667 1689; baseline -0.001 -20"><span class='ocrx_word' id='word_1_85' title='bbox 799 1601 1003 1689; x_wconf 90' lang='lat' dir='ltr'>„quis</span> <span class='ocrx_word' id='word_1_86' title='bbox 1050 1606 1303 1668; x_wconf 87' lang='lat' dir='ltr'>terram</span> <span class='ocrx_word' id='word_1_87' title='bbox 1355 1599 1530 1668; x_wconf 90' lang='lat' dir='ltr'>caeli</span> <span class='ocrx_word' id='word_1_88' title='bbox 1575 1599 1836 1688; x_wconf 86' lang='lat' dir='ltr'>patitur</span> <span class='ocrx_word' id='word_1_89' title='bbox 1881 1597 2089 1681; x_wconf 83' lang='lat' dir='ltr'>deuS,</span> <span class='ocrx_word' id='word_1_90' title='bbox 2138 1599 2377 1667; x_wconf 91' lang='lat' dir='ltr'>omnia</span> <span class='ocrx_word' id='word_1_91' title='bbox 2423 1620 2667 1669; x_wconf 89' lang='lat' dir='ltr'>cursus</span> 
     </span>
    </p>

    <p class='ocr_par' dir='ltr' id='par_1_6' title="bbox 798 1702 2403 1790">
     <span class='ocr_line' id='line_1_13' title="bbox 798 1702 2403 1790; baseline -0.002 -17"><span class='ocrx_word' id='word_1_92' title='bbox 798 1705 1063 1775; x_wconf 90' lang='lat' dir='ltr'>aeterni</span> <span class='ocrx_word' id='word_1_93' title='bbox 1107 1710 1378 1773; x_wconf 89' lang='lat' dir='ltr'>secreta</span> <span class='ocrx_word' id='word_1_94' title='bbox 1422 1710 1670 1773; x_wconf 90' lang='lat' dir='ltr'>tenens</span> <span class='ocrx_word' id='word_1_95' title='bbox 1690 1757 1708 1787; x_wconf 94' lang='lat'>,</span> <span class='ocrx_word' id='word_1_96' title='bbox 1756 1702 2142 1790; x_wconf 88' lang='lat' dir='ltr'>mundique</span> <span class='ocrx_word' id='word_1_97' title='bbox 2188 1702 2403 1771; x_wconf 86' lang='lat' dir='ltr'>futuri</span> 
     </span>
    </p>

    <p class='ocr_par' dir='ltr' id='par_1_7' title="bbox 801 1807 2482 1898">
     <span class='ocr_line' id='line_1_14' title="bbox 801 1807 2482 1898; baseline -0.001 -20"><span class='ocrx_word' id='word_1_98' title='bbox 801 1810 1154 1896; x_wconf 91' lang='lat' dir='ltr'>conscius,</span> <span class='ocrx_word' id='word_1_99' title='bbox 1205 1828 1287 1877; x_wconf 90' lang='lat' dir='ltr'>ac</span> <span class='ocrx_word' id='word_1_100' title='bbox 1331 1809 1606 1898; x_wconf 91' lang='lat' dir='ltr'>populis</span> <span class='ocrx_word' id='word_1_101' title='bbox 1651 1828 1805 1876; x_wconf 89' lang='lat' dir='ltr'>sese</span> <span class='ocrx_word' id='word_1_102' title='bbox 1850 1807 2153 1897; x_wconf 86' lang='lat' dir='ltr'>proferre</span> <span class='ocrx_word' id='word_1_103' title='bbox 2199 1813 2482 1896; x_wconf 89' lang='lat' dir='ltr'>paratus</span> 
     </span>
    </p>

    <p class='ocr_par' dir='ltr' id='par_1_8' title="bbox 797 1913 2896 2003">
     <span class='ocr_line' id='line_1_15' title="bbox 797 1913 2896 2003; baseline -0 -20"><span class='ocrx_word' id='word_1_104' title='bbox 797 1920 1294 2003; x_wconf 88' lang='lat' dir='ltr'>contactusque</span> <span class='ocrx_word' id='word_1_105' title='bbox 1339 1914 1568 1981; x_wconf 87' lang='lat' dir='ltr'>ferens</span> <span class='ocrx_word' id='word_1_106' title='bbox 1615 1913 1983 1982; x_wconf 87' lang='lat' dir='ltr'>hominum</span> <span class='ocrx_word' id='word_1_107' title='bbox 2029 1931 2464 2001; x_wconf 85' lang='lat' dir='ltr'>magnusque</span> <span class='ocrx_word' id='word_1_108' title='bbox 2509 1920 2896 2002; x_wconf 88' lang='lat' dir='ltr'>potensque</span> 
     </span>
    </p>

    <p class='ocr_par' dir='ltr' id='par_1_9' title="bbox 794 2016 2636 2106">
     <span class='ocr_line' id='line_1_16' title="bbox 794 2016 2636 2106; baseline -0.001 -18"><span class='ocrx_word' id='word_1_109' title='bbox 794 2021 939 2088; x_wconf 87' lang='lat' dir='ltr'>sive</span> <span class='ocrx_word' id='word_1_110' title='bbox 986 2021 1173 2088; x_wconf 90' lang='lat' dir='ltr'>canit</span> <span class='ocrx_word' id='word_1_111' title='bbox 1216 2018 1470 2104; x_wconf 89' lang='lat' dir='ltr'>fatum,</span> <span class='ocrx_word' id='word_1_112' title='bbox 1518 2039 1643 2087; x_wconf 89' lang='lat' dir='ltr'>seu</span> <span class='ocrx_word' id='word_1_113' title='bbox 1689 2017 1876 2106; x_wconf 88' lang='lat' dir='ltr'>quod</span> <span class='ocrx_word' id='word_1_114' title='bbox 1920 2016 2115 2087; x_wconf 91' lang='lat' dir='ltr'>iubet</span> <span class='ocrx_word' id='word_1_115' title='bbox 2158 2018 2274 2085; x_wconf 90' lang='lat' dir='ltr'>ille</span> <span class='ocrx_word' id='word_1_116' title='bbox 2322 2019 2636 2087; x_wconf 88' lang='lat' dir='ltr'>canendo</span> 
     </span>
    </p>

    <p class='ocr_par' dir='ltr' id='par_1_10' title="bbox 796 2122 2560 2212">
     <span class='ocr_line' id='line_1_17' title="bbox 796 2122 2560 2212; baseline -0.001 -19"><span class='ocrx_word' id='word_1_117' title='bbox 796 2123 873 2192; x_wconf 83' lang='lat' dir='ltr'>fit</span> <span class='ocrx_word' id='word_1_118' title='bbox 918 2124 1191 2193; x_wconf 75' lang='lat' dir='ltr'>fatum‘l</span> <span class='ocrx_word' id='word_1_119' title='bbox 1237 2123 1468 2190; x_wconf 86' lang='lat' dir='ltr'>forsan</span> <span class='ocrx_word' id='word_1_120' title='bbox 1517 2122 1764 2190; x_wconf 87' lang='lat' dir='ltr'>terris</span> <span class='ocrx_word' id='word_1_121' title='bbox 1810 2122 2128 2190; x_wconf 86' lang='lat' dir='ltr'>inserta</span> <span class='ocrx_word' id='word_1_122' title='bbox 2173 2122 2560 2212; x_wconf 81' lang='lat' dir='ltr'>regendis</span> 
     </span>
    </p>

    <p class='ocr_par' dir='ltr' id='par_1_11' title="bbox 797 2221 2724 2315">
     <span class='ocr_line' id='line_1_18' title="bbox 797 2221 2724 2315; baseline -0.001 -19"><span class='ocrx_word' id='word_1_123' title='bbox 797 2247 983 2297; x_wconf 92' lang='lat' dir='ltr'>aere</span> <span class='ocrx_word' id='word_1_124' title='bbox 1029 2228 1423 2297; x_wconf 90' lang='lat' dir='ltr'>libratum</span> <span class='ocrx_word' id='word_1_125' title='bbox 1466 2246 1724 2295; x_wconf 87' lang='lat' dir='ltr'>vacuo</span> <span class='ocrx_word' id='word_1_126' title='bbox 1774 2246 1991 2315; x_wconf 90' lang='lat' dir='ltr'>quae</span> <span class='ocrx_word' id='word_1_127' title='bbox 2037 2227 2393 2296; x_wconf 89' lang='lat' dir='ltr'>sustinet</span> <span class='ocrx_word' id='word_1_128' title='bbox 2442 2221 2724 2297; x_wconf 88' lang='lat' dir='ltr'>orbem</span> 
     </span>
    </p>

    <p class='ocr_par' dir='ltr' id='par_1_12' title="bbox 795 2321 2748 2422">
     <span class='ocr_line' id='line_1_19' title="bbox 795 2321 2748 2422; baseline 0 -21"><span class='ocrx_word' id='word_1_129' title='bbox 795 2337 1050 2403; x_wconf 89' lang='lat' dir='ltr'>totius</span> <span class='ocrx_word' id='word_1_130' title='bbox 1093 2352 1287 2422; x_wconf 90' lang='lat' dir='ltr'>pars</span> <span class='ocrx_word' id='word_1_131' title='bbox 1333 2352 1623 2422; x_wconf 86' lang='lat' dir='ltr'>magna</span> <span class='ocrx_word' id='word_1_132' title='bbox 1670 2332 1886 2400; x_wconf 88' lang='lat' dir='ltr'>Iovis</span> <span class='ocrx_word' id='word_1_133' title='bbox 1934 2330 2331 2401; x_wconf 89' lang='lat' dir='ltr'>Cirrhaea</span> <span class='ocrx_word' id='word_1_134' title='bbox 2376 2321 2502 2422; x_wconf 90' lang='lat' dir='ltr'>per</span> <span class='ocrx_word' id='word_1_135' title='bbox 2548 2340 2748 2401; x_wconf 87' lang='lat' dir='ltr'>antra</span> 
     </span>
    </p>

    <p class='ocr_par' dir='ltr' id='par_1_13' title="bbox 795 2437 2547 2525">
     <span class='ocr_line' id='line_1_20' title="bbox 795 2437 2547 2525; baseline -0.001 -19"><span class='ocrx_word' id='word_1_136' title='bbox 795 2439 937 2507; x_wconf 87' lang='lat' dir='ltr'>exit</span> <span class='ocrx_word' id='word_1_137' title='bbox 981 2443 1049 2506; x_wconf 86' lang='lat' dir='ltr'>et</span> <span class='ocrx_word' id='word_1_138' title='bbox 1094 2438 1398 2507; x_wconf 90' lang='lat' dir='ltr'>aetherio</span> <span class='ocrx_word' id='word_1_139' title='bbox 1442 2437 1739 2506; x_wconf 78' lang='lat' dir='ltr'>trahitur</span> <span class='ocrx_word' id='word_1_140' title='bbox 1784 2456 2047 2505; x_wconf 87' lang='lat' dir='ltr'>conexa</span> <span class='ocrx_word' id='word_1_141' title='bbox 2090 2437 2454 2506; x_wconf 89' lang='lat' dir='ltr'>Tonanti.”</span> <span class='ocrx_word' id='word_1_142' title='bbox 2487 2439 2547 2525; x_wconf 78' lang='lat'>3)</span> 
     </span>
    </p>

    <p class='ocr_par' dir='ltr' id='par_1_14' title="bbox 707 2541 2992 2845">
     <span class='ocr_line' id='line_1_21' title="bbox 799 2541 2992 2630; baseline -0.001 -18"><span class='ocrx_word' id='word_1_143' title='bbox 799 2541 970 2624; x_wconf 89' lang='lat' dir='ltr'>Quis</span> <span class='ocrx_word' id='word_1_144' title='bbox 1031 2563 1173 2611; x_wconf 89' lang='lat' dir='ltr'>non</span> <span class='ocrx_word' id='word_1_145' title='bbox 1236 2543 1421 2610; x_wconf 83' lang='lat' dir='ltr'>videt</span> <span class='ocrx_word' id='word_1_146' title='bbox 1480 2542 1662 2610; x_wconf 91' lang='lat' dir='ltr'>hanc</span> <span class='ocrx_word' id='word_1_147' title='bbox 1724 2546 2037 2630; x_wconf 88' lang='lat' dir='ltr'>„partem</span> <span class='ocrx_word' id='word_1_148' title='bbox 2100 2542 2317 2627; x_wconf 87' lang='lat' dir='ltr'>Iovis,</span> <span class='ocrx_word' id='word_1_149' title='bbox 2366 2543 2700 2611; x_wconf 89' lang='lat' dir='ltr'>insertam</span> <span class='ocrx_word' id='word_1_150' title='bbox 2745 2544 2949 2610; x_wconf 87' lang='lat' dir='ltr'>terris</span> <span class='ocrx_word' id='word_1_151' title='bbox 2972 2596 2992 2630; x_wconf 90' lang='lat'>,</span> 
     </span>
     <span class='ocr_line' id='line_1_22' title="bbox 709 2645 2983 2738; baseline -0.001 -21"><span class='ocrx_word' id='word_1_152' title='bbox 709 2668 888 2738; x_wconf 87' lang='lat' dir='ltr'>quae</span> <span class='ocrx_word' id='word_1_153' title='bbox 947 2649 1240 2717; x_wconf 87' lang='lat' dir='ltr'>sustinet</span> <span class='ocrx_word' id='word_1_154' title='bbox 1302 2647 1587 2715; x_wconf 91' lang='lat' dir='ltr'>orbem’&#39;</span> <span class='ocrx_word' id='word_1_155' title='bbox 1636 2666 1787 2715; x_wconf 89' lang='lat' dir='ltr'>esse</span> <span class='ocrx_word' id='word_1_156' title='bbox 1832 2645 2311 2715; x_wconf 88' lang='lat' dir='ltr'>definitionem</span> <span class='ocrx_word' id='word_1_157' title='bbox 2357 2647 2660 2716; x_wconf 88' lang='lat' dir='ltr'>notionis</span> <span class='ocrx_word' id='word_1_158' title='bbox 2708 2646 2983 2715; x_wconf 86' lang='lat' dir='ltr'>Stoicae</span> 
     </span>
     <span class='ocr_line' id='line_1_23' title="bbox 707 2752 2193 2845; baseline -0.002 -22"><span class='ocrx_word' id='word_1_159' title='bbox 707 2754 1216 2845; x_wconf 88' lang='lat' dir='ltr'>philosophiae,</span> <span class='ocrx_word' id='word_1_160' title='bbox 1268 2773 1520 2842; x_wconf 89' lang='lat' dir='ltr'>nempe</span> <span class='ocrx_word' id='word_1_161' title='bbox 1566 2754 1844 2821; x_wconf 91' lang='lat' dir='ltr'>animae</span> <span class='ocrx_word' id='word_1_162' title='bbox 1891 2752 2193 2822; x_wconf 77' lang='lat' dir='ltr'>mundi‘l</span> 
     </span>
    </p>

    <p class='ocr_par' dir='ltr' id='par_1_15' title="bbox 705 2857 2987 3263">
     <span class='ocr_line' id='line_1_24' title="bbox 797 2857 2985 2948; baseline -0 -21"><span class='ocrx_word' id='word_1_163' title='bbox 797 2859 946 2927; x_wconf 91' lang='lat' dir='ltr'>Hoc</span> <span class='ocrx_word' id='word_1_164' title='bbox 1011 2858 1163 2927; x_wconf 91' lang='lat' dir='ltr'>loco</span> <span class='ocrx_word' id='word_1_165' title='bbox 1229 2859 1440 2948; x_wconf 83' lang='lat' dir='ltr'>igitur</span> <span class='ocrx_word' id='word_1_166' title='bbox 1501 2864 1686 2926; x_wconf 86' lang='lat' dir='ltr'>certe</span> <span class='ocrx_word' id='word_1_167' title='bbox 1747 2859 2091 2926; x_wconf 92' lang='lat' dir='ltr'>sententia</span> <span class='ocrx_word' id='word_1_168' title='bbox 2150 2857 2381 2927; x_wconf 86' lang='lat' dir='ltr'>Stoica</span> <span class='ocrx_word' id='word_1_169' title='bbox 2443 2859 2744 2948; x_wconf 88' lang='lat' dir='ltr'>prolata,</span> <span class='ocrx_word' id='word_1_170' title='bbox 2817 2859 2985 2927; x_wconf 89' lang='lat' dir='ltr'>alibi</span> 
     </span>
     <span class='ocr_line' id='line_1_25' title="bbox 707 2961 2982 3053; baseline -0 -21"><span class='ocrx_word' id='word_1_171' title='bbox 707 2966 917 3033; x_wconf 87' lang='lat' dir='ltr'>etiam</span> <span class='ocrx_word' id='word_1_172' title='bbox 981 2965 1284 3053; x_wconf 84' lang='lat' dir='ltr'>apertius</span> <span class='ocrx_word' id='word_1_173' title='bbox 1346 2964 1527 3031; x_wconf 90' lang='lat' dir='ltr'>hanc</span> <span class='ocrx_word' id='word_1_174' title='bbox 1588 2963 1978 3032; x_wconf 87' lang='lat' dir='ltr'>doctrinam</span> <span class='ocrx_word' id='word_1_175' title='bbox 2038 2961 2420 3052; x_wconf 85' lang='lat' dir='ltr'>profitetur.</span> <span class='ocrx_word' id='word_1_176' title='bbox 2510 2964 2723 3033; x_wconf 91' lang='lat' dir='ltr'>Poeta</span> <span class='ocrx_word' id='word_1_177' title='bbox 2793 2965 2982 3032; x_wconf 89' lang='lat' dir='ltr'>enim</span> 
     </span>
     <span class='ocr_line' id='line_1_26' title="bbox 710 3067 2982 3138; baseline -0 -1"><span class='ocrx_word' id='word_1_178' title='bbox 710 3067 1046 3138; x_wconf 90' lang='lat' dir='ltr'>Catonem</span> <span class='ocrx_word' id='word_1_179' title='bbox 1138 3073 1280 3136; x_wconf 90' lang='lat' dir='ltr'>toto</span> <span class='ocrx_word' id='word_1_180' title='bbox 1359 3069 1668 3137; x_wconf 89' lang='lat' dir='ltr'>carmine</span> <span class='ocrx_word' id='word_1_181' title='bbox 1747 3067 2070 3136; x_wconf 86' lang='lat' dir='ltr'>maximis</span> <span class='ocrx_word' id='word_1_182' title='bbox 2145 3067 2469 3138; x_wconf 89' lang='lat' dir='ltr'>laudibus</span> <span class='ocrx_word' id='word_1_183' title='bbox 2546 3069 2632 3137; x_wconf 82' lang='lat' dir='ltr'>ad</span> <span class='ocrx_word' id='word_1_184' title='bbox 2712 3069 2982 3138; x_wconf 90' lang='lat' dir='ltr'>coelum</span> 
     </span>
     <span class='ocr_line' id='line_1_27' title="bbox 705 3171 2987 3263; baseline -0.001 -21"><span class='ocrx_word' id='word_1_185' title='bbox 705 3173 1095 3260; x_wconf 88' lang='lat' dir='ltr'>sublatum,</span> <span class='ocrx_word' id='word_1_186' title='bbox 1171 3172 1340 3262; x_wconf 85' lang='lat' dir='ltr'>(quo</span> <span class='ocrx_word' id='word_1_187' title='bbox 1401 3173 1685 3242; x_wconf 90' lang='lat' dir='ltr'>homine</span> <span class='ocrx_word' id='word_1_188' title='bbox 1732 3171 2003 3242; x_wconf 89' lang='lat' dir='ltr'>nullum</span> <span class='ocrx_word' id='word_1_189' title='bbox 2054 3172 2466 3240; x_wconf 89' lang='lat' dir='ltr'>nobiliorem</span> <span class='ocrx_word' id='word_1_190' title='bbox 2515 3179 2581 3241; x_wconf 95' lang='lat' dir='ltr'>et</span> <span class='ocrx_word' id='word_1_191' title='bbox 2627 3179 2987 3263; x_wconf 86' lang='lat' dir='ltr'>praestan-</span> 
     </span>
    </p>
   </div>
   <div class='ocr_carea' id='block_1_3' title="bbox 710 3363 1101 3374">
    <p class='ocr_par' dir='ltr' id='par_1_16' title="bbox 710 3363 1101 3374">
     <span class='ocr_line' id='line_1_28' title="bbox 710 3363 1101 3374; baseline 0 1785"><span class='ocrx_word' id='word_1_192' title='bbox 710 3363 1101 3374; x_wconf 95' lang='lat' dir='ltr'> </span> 
     </span>
    </p>
   </div>
   <div class='ocr_carea' id='block_1_4' title="bbox 704 3492 2983 4328">
    <p class='ocr_par' dir='ltr' id='par_1_17' title="bbox 704 3492 2983 4328">
     <span class='ocr_line' id='line_1_29' title="bbox 791 3492 1609 3566; baseline -0.001 -13"><span class='ocrx_word' id='word_1_193' title='bbox 791 3499 847 3566; x_wconf 78' lang='lat'>1)</span> <span class='ocrx_word' id='word_1_194' title='bbox 888 3493 1022 3555; x_wconf 85' lang='lat' dir='ltr'>Sen.</span> <span class='ocrx_word' id='word_1_195' title='bbox 1063 3493 1140 3553; x_wconf 87' lang='lat' dir='ltr'>N.</span> <span class='ocrx_word' id='word_1_196' title='bbox 1183 3494 1250 3566; x_wconf 82' lang='lat' dir='ltr'>Q.</span> <span class='ocrx_word' id='word_1_197' title='bbox 1298 3492 1609 3552; x_wconf 74' lang='lat'>11:4522.</span> 
     </span>
     <span class='ocr_line' id='line_1_30' title="bbox 786 3586 2982 3662; baseline -0.001 -14"><span class='ocrx_word' id='word_1_198' title='bbox 786 3594 848 3662; x_wconf 80' lang='grc'>2)</span> <span class='ocrx_word' id='word_1_199' title='bbox 884 3588 1171 3649; x_wconf 79' lang='lat' dir='ltr'>Malumus</span> <span class='ocrx_word' id='word_1_200' title='bbox 1230 3589 1408 3649; x_wconf 85' lang='lat' dir='ltr'>verba</span> <span class='ocrx_word' id='word_1_201' title='bbox 1466 3588 1596 3662; x_wconf 82' lang='lat' dir='ltr'>ipsa</span> <span class='ocrx_word' id='word_1_202' title='bbox 1655 3586 1893 3662; x_wconf 83' lang='lat' dir='ltr'>afferre,</span> <span class='ocrx_word' id='word_1_203' title='bbox 1957 3592 2022 3645; x_wconf 89' lang='lat' dir='ltr'>ut</span> <span class='ocrx_word' id='word_1_204' title='bbox 2080 3587 2274 3646; x_wconf 85' lang='lat' dir='ltr'>statim</span> <span class='ocrx_word' id='word_1_205' title='bbox 2317 3588 2378 3646; x_wconf 90' lang='lat' dir='ltr'>iu</span> <span class='ocrx_word' id='word_1_206' title='bbox 2417 3587 2611 3648; x_wconf 89' lang='lat' dir='ltr'>oculos</span> <span class='ocrx_word' id='word_1_207' title='bbox 2654 3588 2866 3647; x_wconf 87' lang='lat' dir='ltr'>cadant</span> <span class='ocrx_word' id='word_1_208' title='bbox 2908 3587 2982 3648; x_wconf 88' lang='lat' dir='ltr'>cf.</span> 
     </span>
     <span class='ocr_line' id='line_1_31' title="bbox 705 3682 1565 3757; baseline -0.003 -14"><span class='ocrx_word' id='word_1_209' title='bbox 705 3684 919 3757; x_wconf 82' lang='lat' dir='ltr'>Vergil.</span> <span class='ocrx_word' id='word_1_210' title='bbox 959 3683 1104 3742; x_wconf 87' lang='lat' dir='ltr'>Aen.</span> <span class='ocrx_word' id='word_1_211' title='bbox 1146 3682 1565 3742; x_wconf 72' lang='lat' dir='ltr'><strong>V12724—34</strong></span> 
     </span>
     <span class='ocr_line' id='line_1_32' title="bbox 943 3774 2543 3851; baseline -0.001 -14"><span class='ocrx_word' id='word_1_212' title='bbox 943 3774 1238 3851; x_wconf 88' lang='lat' dir='ltr'>Principio</span> <span class='ocrx_word' id='word_1_213' title='bbox 1278 3777 1500 3836; x_wconf 86' lang='lat' dir='ltr'>coelum</span> <span class='ocrx_word' id='word_1_214' title='bbox 1539 3792 1609 3836; x_wconf 80' lang='lat' dir='ltr'>ac</span> <span class='ocrx_word' id='word_1_215' title='bbox 1647 3780 1836 3836; x_wconf 87' lang='lat' dir='ltr'>terras</span> <span class='ocrx_word' id='word_1_216' title='bbox 1877 3791 2226 3849; x_wconf 81' lang='lat' dir='ltr'>camposque</span> <span class='ocrx_word' id='word_1_217' title='bbox 2259 3776 2543 3849; x_wconf 85' lang='lat' dir='ltr'>liquentes</span> 
     </span>
     <span class='ocr_line' id='line_1_33' title="bbox 943 3871 2399 3946; baseline 0 -15"><span class='ocrx_word' id='word_1_218' title='bbox 943 3873 1339 3946; x_wconf 86' lang='lat' dir='ltr'>lucentemque</span> <span class='ocrx_word' id='word_1_219' title='bbox 1376 3871 1607 3946; x_wconf 81' lang='lat' dir='ltr'>globum</span> <span class='ocrx_word' id='word_1_220' title='bbox 1645 3871 1818 3931; x_wconf 85' lang='lat' dir='ltr'>lunae</span> <span class='ocrx_word' id='word_1_221' title='bbox 1856 3871 2200 3944; x_wconf 84' lang='lat' dir='ltr'>Titaniaque</span> <span class='ocrx_word' id='word_1_222' title='bbox 2239 3877 2399 3931; x_wconf 87' lang='lat' dir='ltr'>astra</span> 
     </span>
     <span class='ocr_line' id='line_1_34' title="bbox 942 3953 2460 4046; baseline -0.002 -17"><span class='ocrx_word' id='word_1_223' title='bbox 942 3968 1180 4043; x_wconf 87' lang='lat' dir='ltr'>spiritus</span> <span class='ocrx_word' id='word_1_224' title='bbox 1217 3970 1374 4046; x_wconf 89' lang='lat' dir='ltr'>intus</span> <span class='ocrx_word' id='word_1_225' title='bbox 1415 3967 1551 4041; x_wconf 81' lang='lat' dir='ltr'>alit,</span> <span class='ocrx_word' id='word_1_226' title='bbox 1591 3971 1888 4041; x_wconf 85' lang='lat' dir='ltr'>totamque</span> <span class='ocrx_word' id='word_1_227' title='bbox 1926 3965 2119 4025; x_wconf 85' lang='lat' dir='ltr'>infusa</span> <span class='ocrx_word' id='word_1_228' title='bbox 2158 3953 2263 4040; x_wconf 82' lang='lat' dir='ltr'>per</span> <span class='ocrx_word' id='word_1_229' title='bbox 2301 3973 2460 4027; x_wconf 82' lang='lat' dir='ltr'>artus</span> 
     </span>
     <span class='ocr_line' id='line_1_35' title="bbox 944 4061 2729 4137; baseline -0.002 -13"><span class='ocrx_word' id='word_1_230' title='bbox 944 4078 1104 4124; x_wconf 87' lang='lat' dir='ltr'>mens</span> <span class='ocrx_word' id='word_1_231' title='bbox 1143 4063 1329 4137; x_wconf 80' lang='lat' dir='ltr'>agitat</span> <span class='ocrx_word' id='word_1_232' title='bbox 1365 4061 1570 4121; x_wconf 89' lang='lat' dir='ltr'>molem</span> <span class='ocrx_word' id='word_1_233' title='bbox 1584 4105 1602 4137; x_wconf 91' lang='lat'>,</span> <span class='ocrx_word' id='word_1_234' title='bbox 1645 4067 1706 4120; x_wconf 86' lang='lat' dir='ltr'>et</span> <span class='ocrx_word' id='word_1_235' title='bbox 1744 4076 1952 4134; x_wconf 80' lang='lat' dir='ltr'>magno</span> <span class='ocrx_word' id='word_1_236' title='bbox 1993 4077 2055 4120; x_wconf 88' lang='lat' dir='ltr'>se</span> <span class='ocrx_word' id='word_1_237' title='bbox 2097 4077 2338 4135; x_wconf 88' lang='lat' dir='ltr'>corpore</span> <span class='ocrx_word' id='word_1_238' title='bbox 2378 4063 2581 4121; x_wconf 89' lang='lat' dir='ltr'>miscet</span> <span class='ocrx_word' id='word_1_239' title='bbox 2620 4067 2729 4121; x_wconf 87' lang='lat' dir='ltr'>etc.</span> 
     </span>
     <span class='ocr_line' id='line_1_36' title="bbox 706 4155 2983 4232; baseline -0.001 -13"><span class='ocrx_word' id='word_1_240' title='bbox 706 4167 711 4173; x_wconf 83' lang='grc'><strong>“</strong></span> <span class='ocrx_word' id='word_1_241' title='bbox 785 4158 981 4221; x_wconf 77' lang='lat' dir='ltr'>Etiam</span> <span class='ocrx_word' id='word_1_242' title='bbox 1038 4158 1259 4232; x_wconf 81' lang='lat' dir='ltr'>aliquot</span> <span class='ocrx_word' id='word_1_243' title='bbox 1313 4174 1512 4219; x_wconf 85' lang='lat' dir='ltr'>versus</span> <span class='ocrx_word' id='word_1_244' title='bbox 1569 4157 1632 4216; x_wconf 88' lang='lat' dir='ltr'>in</span> <span class='ocrx_word' id='word_1_245' title='bbox 1692 4155 1989 4230; x_wconf 80' lang='lat' dir='ltr'>Georgicis</span> <span class='ocrx_word' id='word_1_246' title='bbox 2028 4155 2108 4214; x_wconf 90' lang='lat' dir='ltr'>IV</span> <span class='ocrx_word' id='word_1_247' title='bbox 2139 4174 2156 4215; x_wconf 71' lang='grc' dir='ltr'><strong><em>ε</em></strong></span> <span class='ocrx_word' id='word_1_248' title='bbox 2185 4159 2498 4217; x_wconf 79' lang='grc'><strong>219-227</strong></span> <span class='ocrx_word' id='word_1_249' title='bbox 2543 4158 2617 4217; x_wconf 85' lang='lat' dir='ltr'>ad</span> <span class='ocrx_word' id='word_1_250' title='bbox 2657 4158 2806 4217; x_wconf 87' lang='lat' dir='ltr'>hanc</span> <span class='ocrx_word' id='word_1_251' title='bbox 2845 4158 2983 4218; x_wconf 89' lang='lat' dir='ltr'>doc·</span> 
     </span>
     <span class='ocr_line' id='line_1_37' title="bbox 704 4252 2981 4328; baseline -0.002 -11"><span class='ocrx_word' id='word_1_252' title='bbox 704 4256 917 4317; x_wconf 75' lang='lat' dir='ltr'>trinam</span> <span class='ocrx_word' id='word_1_253' title='bbox 952 4253 1285 4328; x_wconf 85' lang='lat' dir='ltr'>respiciunt.</span> <span class='ocrx_word' id='word_1_254' title='bbox 1359 4252 1448 4315; x_wconf 81' lang='lat' dir='ltr'>cf.</span> <span class='ocrx_word' id='word_1_255' title='bbox 1490 4252 1623 4314; x_wconf 84' lang='lat' dir='ltr'>Seu.</span> <span class='ocrx_word' id='word_1_256' title='bbox 1664 4252 1839 4327; x_wconf 84' lang='lat' dir='ltr'>Epist</span> <span class='ocrx_word' id='word_1_257' title='bbox 1885 4257 1998 4312; x_wconf 85' lang='lat'>113</span> <span class='ocrx_word' id='word_1_258' title='bbox 2023 4274 2037 4310; x_wconf 77' lang='lat' dir='ltr'><em>z</em></span> <span class='ocrx_word' id='word_1_259' title='bbox 2060 4256 2156 4311; x_wconf 79' lang='lat'>22.</span> <span class='ocrx_word' id='word_1_260' title='bbox 2225 4253 2389 4313; x_wconf 85' lang='lat' dir='ltr'>Arat.</span> <span class='ocrx_word' id='word_1_261' title='bbox 2433 4253 2723 4314; x_wconf 86' lang='lat' dir='ltr'>Phaenom</span> <span class='ocrx_word' id='word_1_262' title='bbox 2765 4270 2811 4313; x_wconf 91' lang='lat' dir='ltr'>s.</span> <span class='ocrx_word' id='word_1_263' title='bbox 2854 4253 2981 4312; x_wconf 87' lang='lat' dir='ltr'>init.</span> 
     </span>
    </p>
   </div>
   <div class='ocr_carea' id='block_1_5' title="bbox 790 4347 1326 4426">
    <p class='ocr_par' dir='ltr' id='par_1_18' title="bbox 790 4347 1326 4426">
     <span class='ocr_line' id='line_1_38' title="bbox 790 4347 1326 4426; baseline -0.002 -15"><span class='ocrx_word' id='word_1_264' title='bbox 790 4353 849 4426; x_wconf 81' lang='lat'>3)</span> <span class='ocrx_word' id='word_1_265' title='bbox 890 4349 1075 4411; x_wconf 86' lang='lat' dir='ltr'>Phars</span> <span class='ocrx_word' id='word_1_266' title='bbox 1113 4347 1168 4408; x_wconf 91' lang='lat' dir='ltr'><strong>V</strong></span> <span class='ocrx_word' id='word_1_267' title='bbox 1190 4364 1204 4408; x_wconf 75' lang='grc' dir='ltr'><strong><em>ε</em></strong></span> <span class='ocrx_word' id='word_1_268' title='bbox 1229 4351 1326 4410; x_wconf 91' lang='grc'>88.</span> 
     </span>
    </p>
   </div>
  </div>
 </body>
</html>
