3434 5159
1533 344 1744 414 ss,

434 571 642 657 poeta
718 583 1099 654 pernovam
1175 557 1609 646 sententiam,
1671 566 1759 633 de
1830 565 2172 635 ancilibus
2235 565 2577 660 Romanis
2645 567 2720 634 in

437 672 750 741 medium
796 666 1119 761 profertt'
1308 659 1313 666 ’

616 775 841 862 „Illud
892 777 966 844 in
1015 781 1301 845 externa
1345 776 1576 846 forsan
1627 776 1970 867 longeque
2016 782 2284 844 remota

615 880 1010 970 prodigium
1055 881 1304 950 tellure
1349 881 1513 951 fuit:
1564 881 2029 970 delapsusque
2076 880 2267 948 coelo

617 1005 812 1053 arma
855 985 1107 1053 timent
1152 991 1393 1074 gentes
1411 1039 1430 1073 ,
1476 985 1984 1075 hominumque
2030 991 2267 1075 erepta
2313 985 2587 1054 lacertis

622 1108 662 1157 a
708 1090 980 1180 superis
1024 1090 1327 1158 demissa
1371 1095 1641 1178 putant.
1734 1089 1851 1158 Sic
1896 1089 2015 1158 illa
2059 1090 2365 1179 profecto

612 1192 926 1262 sacrifico
974 1194 1285 1262 cecidere
1330 1191 1640 1274 Numae,
1690 1213 1872 1284 quae
1915 1193 2095 1264 lecta
2140 1196 2467 1264 inventus

615 1297 907 1388 patricia
953 1299 1220 1368 cervice
1266 1302 1530 1368 movet:
1581 1299 1999 1389 spoliaverat
2044 1299 2301 1369 Auster

618 1409 739 1473 aut
786 1403 1043 1473 Boreas
1088 1403 1381 1495 populos
1428 1404 1682 1473 ancilia
1728 1410 1965 1474 nostra
2009 1405 2380 1473 ferenteS.’'
2422 1405 2474 1492 ¹)

530 1508 734 1577 Haud
780 1510 1041 1579 scimus
1085 1529 1177 1578 an
1223 1529 1466 1579 revera
1509 1511 1776 1579 iocetur
1820 1516 2023 1600 poeta
2042 1564 2061 1596 ,
2117 1510 2239 1579 sed
2270 1510 2436 1578 satis
2466 1509 2721 1598 liquet,

438 1613 705 1701 origine
768 1613 1104 1684 ancilium
1157 1612 1431 1684 Numae
1476 1615 1580 1684 sic
1625 1620 1939 1703 narrata,
1992 1635 2155 1686 eum
2201 1635 2345 1682 non
2394 1634 2723 1704 magnam

437 1715 646 1783 fidem
712 1717 964 1786 fabulis
1024 1718 1321 1797 hahere,
1384 1738 1528 1787 non
1575 1720 1800 1809 magis
1847 1739 2059 1809 quam
2107 1720 2255 1788 deis
2301 1718 2608 1807 antiquis
2653 1725 2724 1786 et

440 1820 863 1910 vulgaribus,
958 1820 1188 1903 Quare
1252 1824 1463 1911 igitur
1515 1823 1686 1892 tales
1732 1824 2001 1893 fabulas
2048 1829 2117 1893 et
2161 1815 2327 1891 deos
2373 1823 2724 1892 faBulosos

442 1932 942 1997 commemorat
958 1928 994 1994 ⁶?
1070 1928 1225 2017 Ipse
1270 1929 1380 1997 his
1426 1928 1655 1999 verbis
1701 1930 2094 2019 respondit:

706 2031 1036 2117 „Invidus
1084 2053 1349 2103 annoso
1395 2035 1517 2123 qui
1563 2034 1824 2103 famam
1870 2035 2154 2125 derogat
2200 2044 2370 2102 aevo
2389 2086 2407 2121 ‚

708 2139 830 2226 qui
876 2143 1066 2206 vates
1114 2140 1202 2207 ad
1246 2158 1412 2208 vera
1456 2141 1699 2208 vocat’'
1733 2139 1794 2228 2)

528 2240 708 2310 Ecce
769 2262 934 2311 vera
992 2244 1228 2333 opinio
1290 2244 1513 2313 nostri
1556 2245 1836 2333 poetae!
1909 2243 2068 2314 Non
2114 2263 2392 2333 semper
2437 2262 2720 2312 necesse

439 2352 542 2413 est
601 2366 870 2416 meram
925 2349 1285 2417 veritatem
1329 2349 1603 2418 tradere
1620 2403 1638 2436 ,
1687 2351 1881 2419 iuvat
1923 2368 2459 2438 nonnumquam
2508 2349 2717 2416 etiam

446 2450 608 2518 ficta
652 2452 942 2521 referre!
1008 2451 1200 2533 Quae
1250 2474 1457 2523 causa
1506 2461 1609 2523 est
1655 2474 1782 2526 cur
1825 2461 2064 2544 poeta,
2117 2474 2543 2543 quamquam
2576 2455 2725 2543 ipse

437 2555 840 2625 incredulus
860 2611 878 2644 ,
930 2562 1164 2626 tamen
1210 2560 1486 2650 saepius
1533 2559 1704 2627 tales
1754 2559 2020 2629 fabulas
2067 2559 2153 2627 de
2199 2559 2348 2656 deis
2379 2559 2451 2625 in
2486 2577 2726 2627 rerum

441 2664 793 2747 gestarum
840 2661 1202 2730 historiam
1247 2663 1533 2732 intexat.

529 2764 758 2833 Etiam
836 2785 1088 2855 operae
1164 2768 1469 2855 pretium
1547 2774 1649 2836 est
1717 2768 2270 2837 animadvertere
2284 2820 2302 2853 ,
2370 2766 2722 2856 quomodo
2746 2790 2966 2884 ‹immi›
3011 2795 3132 2844 poem

439 2874 643 2957 poeta
710 2890 828 2938 eos
896 2870 1061 2939 deos
1123 2873 1359 2961 epicos
1417 2872 1782 2963 abrogatos
1846 2893 2298 2962 compensare
2360 2871 2721 2940 studuerit.
2748 2846 3132 2948 οὲιῗῖροιιῗοῖῗωω

441 2972 607 3041 Sine
696 2974 909 3044 dubio
996 2996 1574 3066 unumquemque
1648 2976 2082 3046 Pharsaliam
2172 2982 2431 3045 attente
2499 2974 2724 3064 perle-

442 3082 754 3166 gentem,
804 3085 1202 3169 pertaesum
1249 3087 1351 3150 est
1398 3081 1584 3150 illius
1631 3082 2183 3171 exaggerationis
2228 3086 2433 3169 atque
2466 3080 2724 3148 nimiae

441 3181 933 3253 exuberantiae
955 3238 973 3272 ‚
1055 3205 1232 3274 quae
1310 3187 1674 3278 permultis
1757 3185 1925 3255 locis
1994 3186 2360 3255 Lucanum
2426 3184 2723 3252 foedent.

442 3285 623 3355 Sunt
682 3290 804 3378 qui
867 3295 1114 3379 putent
1174 3291 1307 3359 hoc
1371 3291 1717 3379 imprimis
1782 3293 1932 3360 eius
1993 3291 2277 3381 ingenio
2341 3289 2614 3358 ardenti
2661 3294 2729 3356 et

447 3391 891 3481 Hispaniensi
951 3415 1099 3463 esse
1161 3396 1653 3481 tribuendum3
1725 3396 1928 3464 nobis
1991 3402 2226 3465 autem
2288 3399 2532 3484 poetae
2592 3393 2729 3461 illis

446 3498 960 3570 narrationibus
1021 3499 1335 3569 mirificis
1382 3505 1451 3569 et
1498 3502 1928 3591 exaggeratis
1977 3520 2153 3590 opus
2199 3501 2411 3569 fuisse
2457 3498 2730 3567 videtur

448 3601 533 3669 ad
580 3601 744 3670 deos
790 3603 1137 3673 mirabilia
1168 3606 1503 3674 facientes
1537 3606 2109 3695 compensandoS.
2166 3605 2518 3694 Imprimis
2549 3603 2727 3672 duae

446 3705 692 3796 longae
769 3708 1229 3798 digressiones
1306 3711 1542 3779 statim
1619 3713 1693 3779 in
1774 3717 2085 3780 mentem
2156 3711 2480 3795 veniunt,
2551 3707 2730 3776 libro

452 3812 692 3899 quinto
738 3813 825 3880 de
873 3814 1153 3883 oraculo
1184 3814 1548 3904 Delphico,
1583 3815 1763 3885 libro
1806 3821 1998 3885 sexto
2029 3815 2115 3884 de
2149 3814 2412 3883 artibus
2443 3813 2732 3902 magicis

447 3935 651 4006 sagae
722 3918 1084 3987 cuiusdam
1151 3919 1619 3988 Erichthonis.
1727 3920 1850 3988 Ille
1922 3920 2190 4009 Appius
2260 3924 2495 3988 autem
2518 3970 2537 4004 ,
2609 3918 2730 4006 qui

450 4020 810 4090 oraculum
856 4022 1271 4112 Delphicum
1320 4025 1743 4111 sciscitatur,
1791 4031 2031 4114 postea
2061 4027 2135 4093 in
2167 4024 2377 4093 rebus
2409 4022 2729 4113 gerendis

537 4348 604 4427 1)
642 4348 844 4411 Pham.
884 4351 1368 4412 1x2473-480.
1609 4352 1678 4430 2)
1719 4350 1921 4413 Phara.
1960 4352 2405 4413 1x=359—60.
