3434 5159
1288 933 1864 1014 CAPUTlL

1037 1104 1188 1190 oum
1228 1104 1500 1178 tuo-ma
1540 1106 1619 1176 u·
1657 1105 1791 1178 ιιιο
1830 1104 2112 1174 amau.

758 1268 1018 1330 Poemati
1062 1284 1221 1350 opus
1282 1274 1374 1334 est
1425 1268 1621 1344 aliqua
1674 1269 1765 1330 vis
1816 1269 2136 1330 dominans.
2194 1299 2272 1313 -
2313 1267 2454 1328 Deis
2494 1267 2725 1327 reiectis

839 1361 1020 1428 fatum
1062 1363 1391 1428 dominatur
1428 1364 1492 1426 in
1532 1363 1854 1426 Pharsalia.
1900 1396 1975 1408 —
2017 1364 2228 1423 Variae
2263 1363 2551 1428 sententia
2575 1362 2725 1421 anti-

829 1474 1079 1532 quorum
1122 1459 1206 1542 'de
1256 1459 1456 1542 mundi
1508 1458 2023 1520 administratione.
2070 1490 2143 1504 -
2187 1457 2456 1517 Lucanus
2498 1473 2726 1531 quoque

835 1554 1100 1615 dubitare
1139 1554 1383 1623 videtur.
1427 1588 1502 1599 —
1542 1554 1783 1629 Aliquot
1820 1555 1933 1614 loci
1961 1554 2305 1629 scriptorum
2326 1553 2691 1626 antiquorum
2705 1596 2723 1625 ,

836 1648 908 1709 de
947 1647 1070 1710 fato
1106 1655 1365 1725 agentes.
1406 1682 1487 1694 —
1528 1649 1631 1710 Vis
1672 1647 1779 1709 fati
1817 1650 1879 1708 in
1905 1649 2224 1709 Pharsalia.
2266 1681 2344 1691 —
2384 1647 2590 1707 Fatum
2606 1691 2624 1722 ‚
2660 1654 2728 1707 ut

837 1759 1047 1806 numen
1106 1747 1401 1820 cogitans,
1463 1745 1527 1804 in
1580 1760 1847 1804 scaenam
1902 1743 2114 1819 prodit.
2165 1776 2242 1788 —
2283 1743 2491 1803 Fatum
2532 1758 2726 1802 amore

833 1844 894 1900 et
937 1839 1071 1901 odio
1111 1838 1395 1902 affectum.
1439 1872 1517 1885 -
1558 1839 1767 1901 Fatum
1809 1841 2110 1899 invocatur
2148 1844 2208 1898 et
2245 1838 2605 1913 imploratur.
2645 1869 2726 1880 —

831 1934 1016 1996 Poeta
1054 1952 1093 1995 a
1130 1937 1367 1998 notione
1406 1934 1513 1997 fati
1551 1936 1951 2011 philosophica
1988 1933 2224 1994 recedit.
2260 1966 2337 1976 —
2367 1933 2578 1993 Fatum
2607 1949 2727 1992 nou

839 2036 957 2092 tam
1016 2030 1333 2092 dramatico
1383 2030 1702 2094 adhibitum
1765 2048 1837 2091 ac
1891 2035 1956 2089 'in
2011 2029 2220 2089 fabulis
2272 2034 2591 2105 poetarum.
2648 2059 2726 2071 —

839 2124 1059 2186 Fatum·
1100 2142 1274 2203 saepe
1325 2126 1388 2188 in
1441 2126 1746 2190 Pharsalia
1795 2142 1989 2186 rerum
2031 2141 2259 2184 cursum
2301 2122 2604 2199 significat.
2648 2156 2726 2166 ——

844 2219 1069 2281 Fatone
1116 2221 1361 2282 liberum
1401 2222 1703 2282 arbitrium
1744 2222 2000 2282 tollatur.
2040 2252 2118 2264 —
2162 2221 2312 2294 Quid
2350 2219 2619 2279 Lucanus
2656 2217 2728 2279 de

843 2316 1114 2394 libertate
1152 2317 1358 2377 morali
1398 2319 1661 2378 senserit.
1702 2350 1781 2360 —-
1823 2316 2008 2376 Estne
2047 2314 2230 2377 fatum
2270 2315 2619 2375 inmutabile.
2646 2347 2724 2357 -

846 2409 1054 2471 Fatum
1107 2413 1319 2472 morari
1373 2417 1433 2472 et
1480 2412 1739 2472 retineri.
1796 2445 1871 2457 —
1926 2411 2221 2485 Quomodo
2277 2410 2456 2482 fatum
2487 2427 2549 2486 *a
2602 2409 2725 2470 deis

842 2507 1110 2581 pendeat.
1153 2541 1231 2552 --
1269 2507 1570 2592 Sententia
1591 2508 1846 2568 Homeri.
1875 2540 1950 2551 —
1973 2506 2181 2568 Fatum
2210 2506 2360 2568 idem
2380 2522 2450 2567 ac
2475 2521 2619 2565 sors.
2646 2538 2725 2548 —

843 2601 1052 2662 Fatum
1092 2601 1415 2677 significare
1453 2602 1682 2663 videtur
1708 2620 1921 2663 casum.
1949 2636 2028 2646 —
2054 2601 2263 2663 Fatum
2288 2617 2396 2676 pro
2423 2604 2623 2662 morte.
2646 2631 2724 2643 —

841 2697 1008 2758 Aliae
1048 2696 1494 2771 significationes
1536 2697 1667 2758 fati.
1709 2731 1788 2741 ——
1828 2698 2034 2758 Fatum
2077 2698 2243 2770 quasi
2282 2696 2465 2756 tactui
2505 2695 2727 2756 subiec-

843 2796 981 2851 tum.
1023 2826 1102 2836 —
1142 2793 1293 2854 Num
1333 2791 1512 2853 fatum
1552 2794 1854 2868 praenosci
1894 2794 2096 2868 possit.
2138 2825 2216 2837 —
2259 2791 2579 2852 Conclusio.

536 2951 625 3021 Ut
672 2956 1155 3043 unusquisque
1198 2955 1275 3023 in
1306 2957 1447 3025 vita
1477 2956 1883 3046 quotidiana
1904 2955 2161 3025 habere
2194 2954 2456 3044 aliquid
2480 2953 2687 3022 dehet
2703 3004 2720 3035 ,
2748 2987 2929 3028 Pomm
2948 2980 3058 3047 559...
3073 2989 3137 3047 ..a

449 3059 647 3145 quasi
732 3059 1046 3149 regulam
1129 3066 1197 3129 et
1263 3067 1604 3130 rectorem
1620 3113 1639 3146 ‚
1715 3081 1756 3129 e
1825 3062 2023 3134 cuius
2090 3060 2477 3151 praeceptis
2546 3059 2726 3128 vitae
2749 3040 2885 3135 2¹¹3?
2920 3050 2980 3080 '¹⁸
3010 3038 3136 3079 ἀπ’·

446 3163 789 3232 rationem
857 3165 1211 3253 instituat,
1279 3166 1397 3236 hic
1457 3156 1867 3257 religionem
1888 3218 1905 3253 ‚
1973 3165 2149 3236 alius
2218 3164 2729 3255 philosophiam

451 3271 569 3336 aut
637 3270 1200 3358 superstitionem
1218 3323 1235 3357 ,
1322 3271 1437 3340 hic
1511 3271 1871 3342 hominem
1889 3322 1906 3356 ,
1959 3269 2073 3340 cui
2118 3270 2376 3338 servire
2421 3268 2728 3353 studeat,

451 3371 625 3441 alius
671 3373 980 3443 studium
998 3427 1016 3461 ‚
1066 3376 1250 3464 quod
1298 3382 1596 3448 sectetur
1613 3429 1630 3463 ‚
1680 3376 1783 3444 sic
1829 3375 2040 3443 etiam
2086 3374 2162 3442 in
2209 3393 2415 3463 opere
2461 3374 2731 3462 poetico

450 3497 733 3547 necesse
780 3485 883 3548 est
928 3485 1005 3549 ut
1051 3480 1449 3551 dominetur
1494 3481 1746 3570 aliquis
1792 3486 1911 3550 aut
1961 3477 2221 3568 aliquid
2240 3529 2258 3565 ,
2308 3498 2446 3567 quo
2492 3478 2731 3545 omnia

451 3588 797 3671 spectent,
863 3586 977 3653 cui
1040 3586 1278 3655 omnia
1340 3592 1664 3676 pareant,
1727 3605 1853 3674 per
1914 3603 2126 3673 quem
2175 3588 2294 3652 aut
2338 3603 2463 3672 per
2509 3582 2695 3670 quod
2711 3634 2730 3668 ,

451 3707 695 3756 omnes
753 3708 866 3757 res
927 3696 1257 3779 gerantur
1271 3743 1290 3779 ,
1353 3691 1497 3759 sive
1559 3691 1770 3758 homo
1786 3742 1804 3776 ‚
1868 3689 2013 3758 sive
2059 3688 2232 3760 deus
2248 3740 2267 3774 ,
2315 3688 2461 3756 sive
2505 3687 2695 3755 notio
2712 3738 2730 3771 ,

452 3812 790 3880 personae
852 3795 1250 3865 assimilata.
1342 3795 1661 3864 Vidimus
1709 3813 1923 3885 supra
1942 3847 1961 3882 ‚
2011 3793 2235 3882 capite
2281 3793 2507 3882 primo
2524 3843 2543 3878 ,
2591 3791 2733 3859 Lu-

454 3916 710 3966 canum
730 3950 749 3984 ,
795 3898 945 3968 deis
990 3899 1392 3990 vulgaribus
1435 3900 1710 3969 reiectis
1727 3951 1745 3986 ,
1795 3898 1961 3967 deos
1978 3951 1998 3988 2
2047 3897 2287 3987 quales
2332 3895 2546 3965 Stoici
2599 3895 2734 3963 sibi

451 4002 953 4091 informabant,
1019 4010 1204 4074 certe
1263 4005 1620 4076 induxisse
1642 4058 1661 4090 ,
1726 4003 1851 4073 sed
1909 4002 2051 4073 fere
2097 4001 2273 4071 nihil
2319 3999 2696 4070 efficientes
2713 4051 2730 4085 ‚

452 4125 597 4176 non
640 4107 904 4195 primas
919 4161 935 4194 ‚
985 4128 1077 4184 ne
1122 4109 1466 4194 secundas
1512 4108 1798 4199 quidem
1844 4111 2078 4196 partes
2128 4108 2201 4176 in
2248 4105 2457 4188 rebus
2488 4123 2733 4194 geren-

454 4210 559 4279 dis
593 4218 903 4302 agenteS,
936 4232 1068 4285 nec
1097 4219 1377 4303 poetam
1411 4213 1628 4283 multa
1661 4213 1798 4281 alia
1821 4212 1908 4281 de
1929 4212 2016 4280 iis
2042 4230 2387 4299 exponere
2412 4209 2549 4278 nisi
2569 4209 2730 4294 hoc,

455 4315 622 4386 deos
707 4336 856 4386 esse
931 4317 1438 4391 infensissimos
1506 4318 1865 4406 Romanis.
1952 4315 2193 4410 Nihilo
2241 4315 2478 4400 minus
2524 4313 2735 4407 etiam
