3434 5159
1573 354 1665 424 55

468 577 753 667 laqueos
816 577 939 647 fati
1007 576 1309 668 effugere
1378 599 1454 647 se
1514 584 1746 669 putet,
1810 584 1889 649 ut
1934 585 2286 671 postremo
2305 633 2323 666 ‚
2355 579 2552 649 'sicut
2597 578 2743 647 fera

471 702 512 751 a
571 688 898 752 venatore
978 684 1237 775 agitata
1291 690 1359 753 et
1402 706 1641 776 pressa
1661 740 1678 774 ,
1728 707 1767 754 a
1814 687 1951 755 fato
1998 685 2389 754 miserrime
2436 705 2752 775 pessum-

469 787 673 856 detur
706 788 795 878 1):
869 790 1045 858 nihil
1117 790 1368 860 harum
1436 812 1673 861 rerum
1744 792 1930 882 apud
1992 792 2390 861 Lucanum:
2455 788 2753 858 affirmat

469 893 752 981 quidem
800 896 1038 963 omnia
1084 896 1221 965 fato
1268 894 1450 983 fieri,
1503 896 1624 964 sed
1669 898 1901 987 ipsum
1948 898 2166 966 fatum
2199 916 2341 992 non
2376 895 2754 964 dramatice

469 997 837 1068 adhibetur
882 1021 1110 1091 neque
1157 1006 1362 1092 poeta
1407 1022 1532 1072 suo
1582 1004 1892 1071 carmine
1923 1002 2252 1070 lectorem
2292 1006 2484 1070 tanto
2517 1008 2753 1069 amore

466 1102 782 1193 Pompeii
828 1105 1069 1194 afficit,
1117 1113 1195 1177 ut
1227 1128 1505 1177 summa
1538 1109 2087 1198 exspectatione,
2124 1111 2468 1176 commoto
2501 1110 2567 1175 et
2599 1125 2750 1175 sus-

464 1229 686 1299 penso
752 1212 985 1280 animo
1005 1265 1023 1300 ‚
1085 1214 1472 1301 potentiam
1537 1218 1608 1281 et
1651 1215 2125 1284 interventum
2169 1212 2293 1281 fati
2337 1205 2748 1344 Pompeium

466 1316 799 1405 petentiS‚
851 1315 1186 1387 observet.

552 1420 647 1488 At
708 1440 852 1489 non
899 1423 1336 1513 negandum,
1385 1424 1518 1493 hoc
1565 1429 2057 1515 argumentum
2105 1443 2255 1493 esse
2303 1422 2521 1491 multo
2570 1418 2750 1488 diffi-

466 1525 666 1595 cilius
716 1526 802 1594 ad
850 1529 1362 1599 enucleandum
1411 1531 1486 1598 in
1535 1531 1845 1600 carmine
1893 1530 2220 1599 historico
2267 1547 2480 1618 quam
2527 1528 2602 1594 in
2648 1527 2748 1594 fa-

460 1629 629 1699 bula
693 1635 1196 1721 spectatoribus
1261 1641 1433 1704 acta.
1528 1634 1665 1704 Sed
1722 1636 1853 1706 hac
1899 1635 1985 1703 de
2032 1655 2107 1703 re
2153 1634 2319 1703 satis
2366 1639 2746 1722 superque3

460 1735 636 1804 nihil
698 1737 786 1804 ad
848 1758 975 1807 nos
995 1793 1013 1827 ,
1076 1761 1250 1809 num
1311 1741 1599 1810 fortasse
1658 1760 1909 1830 parum
1956 1740 2226 1830 poetice
2270 1739 2343 1808 in
2391 1735 2750 1806 Pharsalia

458 1840 678 1910 fatum
746 1843 836 1911 sit
905 1843 1329 1932 adhibitum,
1394 1846 1516 1914 sed
1581 1846 2101 1932 tantummodo,
2168 1844 2337 1934 quid
2396 1846 2600 1933 poeta
2661 1841 2747 1909 de

462 1943 601 2014 fato
648 1950 974 2017 senserit!
1716 1983 1722 1986 ·

550 2050 709 2119 Non
756 2053 963 2123 modo
1014 2061 1247 2123 autem
1296 2060 1374 2125 ut
1421 2076 1688 2126 numen
1736 2057 1975 2124 omnia
2022 2074 2235 2145 agens
2280 2055 2499 2122 fatum
2534 2050 2739 2120 indu·
2767 2079 2823 2120 r
2825 2084 2869 2120 m
2844 2092 2910 2120 nm
2974 2092 3095 2142 ‚appe

462 2155 667 2242 citur,
739 2158 864 2226 sed
930 2161 1210 2249 saepius
1271 2160 1448 2228 nihil
1510 2160 1698 2231 aliud
1768 2181 1979 2250 quam
2041 2179 2277 2228 rerum
2342 2177 2623 2228 cursum
2671 2160 2740 2223 et
2765 2132 3055 2227 ωωῃιῗῖῗι
3068 2146 3148 2240 ,ἔξ

461 2268 789 2331 eventum
834 2265 1191 2355 significat.
1248 2265 1363 2334 Sic
1420 2265 1669 2335 Sextus
1718 2266 2061 2355 cupivisse
2108 2264 2360 2333 dicitur
2400 2282 2740 2351 ‚-·,praeno
2767 2238 2914 2281 ”mm

460 2385 653 2434 scere
698 2367 821 2436 fati
869 2370 1164 2457 cursuS,’
1172 2369 1281 2459 ’2)
1316 2370 1578 2460 Pythia
1627 2375 1862 2440 autem
1907 2369 2290 2459 respondit:

728 2474 879 2561 „Tu
922 2473 1144 2545 fatum
1192 2497 1282 2545 ne
1329 2495 1586 2565 quaere
1631 2482 1834 2545 tuum
1882 2473 2360 2565 cognoscere.'’
2392 2474 2445 2558 3)

546 2576 631 2645 Et
679 2580 951 2648 somnio
998 2587 1277 2650 narrato
1296 2635 1313 2669 ,
1363 2602 1500 2670 quo
1547 2581 1922 2671 Pompeius
1970 2586 2279 2649 extrema
2323 2583 2527 2647 nocte
2573 2581 2738 2645 ante

458 2681 929 2753 Pharsalicam
976 2706 1284 2776 pugnam
1331 2687 1466 2756 sibi
1508 2688 1695 2757 visus
1743 2692 1847 2756 est
1893 2686 2123 2756 denuo
2170 2686 2246 2753 in
2292 2685 2559 2753 theatro
2606 2700 2733 2751 suo

456 2786 723 2855 Romae
783 2788 1056 2878 sedere,
1123 2792 1317 2859 omni
1377 2792 1634 2882 populo
1681 2792 2092 2882 plaudente,
2137 2794 2343 2880 poeta
2387 2786 2734 2877 pathetice

456 2897 816 2981 precatur:

675 2998 1098 3085 „donassent
1139 3003 1412 3071 utinam
1459 3003 1694 3092 superi
1739 3002 2142 3091 patriaeque
2187 2999 2452 3089 tibique

673 3125 932 3184 unum,
980 3105 1271 3196 Magne,
1321 3108 1507 3175 diem
1526 3161 1543 3193 ,
1594 3128 1733 3196 quo
1779 3106 1902 3174 fati
1948 3111 2178 3175 certus
2230 3109 2521 3193 uterque

668 3214 1062 3280 extremum
1107 3212 1284 3280 tanti
1328 3212 1633 3281 fructum
1681 3211 2018 3302 caperetis
2066 3209 2389 3278 amoris.’'
2424 3207 2485 3298 Φ)

450 3315 654 3398 poeta
720 3313 854 3382 hoc
923 3315 1100 3385 vult:
1172 3315 1405 3385 futura
1476 3315 1833 3385 calamitas
1901 3320 2279 3402 utrumque
2345 3311 2722 3397 iunxisset,

452 3415 724 3484 utinam
771 3424 1016 3489 neuter
1062 3421 1262 3489 alteri
1307 3427 1483 3491 esset
1533 3425 1904 3510 superstes.

542 3520 756 3591 Cuius
833 3525 1374 3615 significationes
1444 3525 1746 3616 vulgaris
1813 3524 2035 3595 multa
2103 3521 2422 3612 exempla
2490 3519 2721 3589 afferri

451 3633 760 3715 possunt.
795 3631 848 3712 5)

531 3810 591 3886 1)
644 3810 774 3871 Hoc
836 3812 963 3886 ipso
1032 3827 1212 3886 ann0,
1268 3810 1466 3872 fabula
1516 3811 1815 3887 Sophoclis
1865 3813 1974 3873 hac
2024 3812 2087 3872 in
2140 3813 2283 3872 urbe
2334 3829 2370 3872 a
2419 3813 2715 3872 nonnullis

447 3906 923 3967 commilitonibus
963 3913 1094 3967 acta
1107 3951 1123 3980 ‚
1163 3907 1277 3981 ipsi
1317 3907 1431 3967 vim
1471 3907 1847 3968 dramaticam
1885 3907 1992 3968 fati
2009 3952 2026 3982 ,
2069 3908 2319 3967 omnium
2345 3910 2562 3968 animos
2588 3924 2725 3982 per-

447 4001 774 4061 turbantem
789 4045 807 4076 ,
846 4018 1192 4077 cognoscere
1230 4003 1537 4076 potuimus.
1576 4034 1657 4047 —-
1698 4002 1897 4063 Macte
1936 4003 2126 4063 studio
2169 4009 2230 4064 et.
2261 4003 2493 4078 ingenio
2519 4009 2688 4064 sunto
2705 4044 2725 4080 ‚

447 4095 726 4171 imprimis
765 4098 982 4159 amicus
1022 4098 1479 4174 protagonistesl

526 4196 586 4265 2)
628 4193 830 4252 Phara.
871 4194 1150 4255 VI2423.
1313 4197 1374 4266 3)
1416 4194 1619 4255 Phars.
1660 4194 1936 4253 VI2812.
2098 4195 2162 4271 4)
2205 4194 2408 4254 Phara.
2449 4193 2718 4254 Vnzao.

527 4294 589 4362 5)
631 4287 718 4350 Cf.
761 4292 936 4351 etiam
978 4292 1121 4353 alios
1160 4293 1319 4353 locos
1361 4293 1510 4352 VII:
1539 4295 1648 4368 753
1689 4289 1844 4350 VII:
1872 4296 2018 4366 1313
2066 4291 2235 4370 V1113
2268 4295 2369 4366 643
2418 4296 2523 4365 ⁷03
2572 4294 2720 4365 3443

313 4366 321 4373 ’
445 4389 538 4451 X:
568 4390 717 4468 3443
762 4387 900 4447 vm
921 4405 938 4448 ι
960 4391 1099 4449 486.
