3434 5159
1826 274 1918 343 50

821 499 1262 588 Quamquam
1309 496 1503 566 nulla
1547 496 1908 615 praesagia
1953 496 2350 584 defuerant,
2386 518 2566 587 quae
2596 499 3018 591 Pompeium

728 605 1163 675 dubitantem
1200 607 1562 673 monerent
1591 621 1682 669 ne
1713 621 1789 669 se
1819 602 1894 669 in
1926 600 2318 691 Aegyptum
2345 604 2716 691 conferret,
2744 611 3015 676 tamen:

907 764 946 797 „
1113 762 1127 778 .
1335 707 1697 777 .fatorum
1743 706 1931 796 leges
1974 707 2382 796 intentaque
2429 709 2624 778 iussu

904 763 1166 883 ordinis
1213 812 1478 883 aeterni
1523 812 1817 881 miserae
1865 811 2120 881 vicinia
2164 814 2412 884 mortis

903 919 1312 990 damnatum
1356 916 1494 985 leto
1539 916 1909 987 trahebant
1955 917 2043 985 ad
2090 918 2290 986 litora
2335 918 2734 1009 Magnum.”
2770 919 2825 1008 1)

724 1023 1028 1093 Achillas
1082 1024 1461 1113 Aegyptius
1505 1042 1729 1112 paene
1777 1022 2145 1092 occidisset
2190 1021 2558 1093 Caesarem
2605 1025 2680 1092 in
2728 1046 3010 1095 summo

722 1129 1125 1198 discrimine
1196 1134 1587 1202 versantem
1648 1128 1725 1196 in
1787 1127 1993 1196 domo
2058 1127 2495 1218 Cleopatrae,
2566 1130 2687 1197 sed
2750 1130 2969 1200 fatum
2993 1186 3009 1219 ,

725 1234 924 1322 quasi
969 1234 1141 1304 deus
1186 1233 1691 1330 intervenienS,

1077 1358 1376 1423 „manus
1423 1358 1465 1407 a
1510 1338 1852 1427 sanguine
1901 1336 2214 1408 Caesaris
2261 1339 2515 1408 arcet.”

809 1443 1058 1514 Fatum
1105 1444 1192 1512 de
1236 1443 1448 1513 rebus
1495 1443 1823 1513 humanis
1861 1444 2245 1513 deliberare
2275 1444 2567 1531 videtur,
2603 1464 2767 1514 nam
2804 1446 3009 1515 initio

720 1550 1050 1631 carminis
1068 1602 1085 1636 ‚
1136 1548 1532 1618 adulatione
1579 1547 1877 1616 Neronis
1923 1539 2041 1617 vili
2088 1554 2157 1617 et
2204 1549 2473 1619 abiecta
2519 1550 2726 1638 pleno
2746 1604 2763 1636 ,
2797 1557 3005 1639 poeta

718 1653 1014 1725 affirmat
1073 1675 1147 1723 se
1212 1674 1355 1722 non
1412 1653 1710 1743 amplius
1759 1654 1985 1742 queri,
2036 1654 2097 1723 si
2141 1655 2280 1724 fata
2326 1673 2469 1723 non
2517 1655 2726 1725 aliam
2774 1656 2960 1725 viam
2987 1711 3005 1742 ,

716 1780 928 1849 quam
990 1780 1116 1850 per
1174 1758 1440 1830 bellum
1505 1758 1705 1828 civile
1769 1758 2063 1844 scilicet,
2132 1758 2395 1828 Neroni
2457 1766 2748 1830 venturo
2803 1761 3003 1829 inve-

715 1866 948 1940 nerint
980 1865 1074 1952 2);
1124 1869 1360 1954 aperte
1405 1864 1616 1953 igitur
1660 1863 1881 1933 fatum
1928 1865 2128 1953 quasi
2159 1865 2368 1932 homo
2402 1870 2521 1935 aut
2552 1865 2724 1935 deus
2759 1886 3002 1936 secum

713 1972 948 2039 animo
1007 1977 1338 2059 reputans
1394 1969 1765 2039 inducitur.
1853 1968 2096 2058 Neque
2137 1969 2360 2039 fatum
2408 1970 2821 2061 dedignatur
2865 1973 2997 2041 uni

714 2077 981 2145 homini
1025 2076 1418 2163 consulere,
1469 2095 1635 2145 nam
1680 2095 2073 2165 pugnacem
2120 2075 2502 2146 Domitium

1379 2181 1655 2268 „clades
1700 2180 1840 2249 fata
1885 2200 2013 2270 per
2057 2200 2300 2249 omnes

1066 2285 1477 2356 ducebantss’
1508 2285 1568 2376 3)

797 2391 882 2466 Et
927 2390 1298 2478 PothinuS‚
1346 2392 1495 2482 regi
1541 2390 1968 2481 persuadens
2012 2396 2090 2460 ut
2122 2390 2570 2481 Pompeium,
2605 2392 2682 2460 in
2715 2390 2996 2481 Aegyp-

706 2502 858 2568 tum
920 2497 1403 2567 advenientem
1421 2549 1440 2584 ,
1495 2495 1903 2583 interficiat,
1949 2496 2059 2564 his
2105 2495 2335 2565 verbis
2384 2497 2661 2585 culpam
2708 2496 2993 2565 sceleris

706 2603 780 2670 in
827 2602 1045 2676 fatum
1094 2602 1391 2690 confert,
1440 2601 1857 2692 Pompeium
1904 2602 2102 2691 quasi
2133 2607 2572 2691 praesentem
2617 2602 2994 2673 allocutus:

781 2707 958 2795 „hoc
1004 2707 1298 2795 ferrum,
1350 2708 1539 2796 quod
1585 2708 1767 2777 fata
1814 2706 2134 2776 iubent
2178 2708 2627 2797 proferre,
2675 2709 2917 2797 paravi

781 2831 925 2880 non
969 2812 1130 2898 tibi,
1179 2760 1298 2881 sed
1350 2813 1596 2881 victol'
1626 2812 1687 2899 4)

797 2917 1060 2986 Eadem
1106 2918 1244 2986 fata
1290 2922 1524 2987 autem
1572 2917 2013 3005 „Emathiam
2058 2879 2240 2987 hello
2285 2918 2577 3007 parant’'
2605 2916 2686 3007 ⁵),
2721 2918 2995 2987 Arabes

709 3022 1088 3112 Medosque
1134 3022 1263 3092 sub
1310 3024 1663 3113 perpetuis
1711 3023 2026 3112 tyrannis
2072 3028 2471 3092 tenuerunt.
2503 3021 2562 3112 6)

797 3127 984 3209 Quin
1030 3129 1241 3196 etiam
1286 3129 1505 3200 fatum
1553 3128 1846 3218 loquens
1893 3127 2209 3217 fingitur,
2261 3148 2426 3197 nam
2475 3128 2837 3213 Erichtho,
2873 3128 2997 3196 illa

706 3253 910 3320 maga
954 3233 1313 3320 Thessala,
1364 3240 1719 3324 precatur.

795 3338 944 3426 „Da
988 3358 1268 3427 vocem,
1316 3357 1456 3428 qua
1501 3358 1782 3408 mecum
1831 3338 1969 3407 fata
2013 3299 2451 3428 loquantur-.”
2475 3337 2535 3427 ⁷)

793 3444 1023 3513 Etiam
1085 3444 1250 3512 alibi
1295 3445 1434 3513 fata
1478 3444 1686 3534 plane
1733 3449 1813 3513 ut
1859 3443 2006 3532 dei,
2055 3464 2215 3513 cum
2264 3443 2665 3512 hominibus
2711 3444 2991 3533 agentia

704 3547 1151 3635 inducuntur,
1187 3568 1353 3617 nam
1386 3548 1737 3637 Pythiam,
1770 3545 1858 3618 ab
1892 3549 2119 3638 Appio
2153 3548 2576 3635 consultam,
2605 3548 2990 3637 inspirant:

706 3672 1132 3742 „vocemque
1176 3654 1484 3744 petentia
1530 3654 1668 3723 fata
1688 3707 1705 3741 ,
1753 3654 2170 3724 luctantur-.”
2204 3653 2264 3744 8)

791 3756 879 3828 Et
925 3761 1026 3830 sic
1069 3778 1195 3849 per
1238 3764 1456 3828 totam
1501 3757 1935 3829 Pharsaliam
1981 3759 2118 3829 fata
2164 3763 2381 3849 agunt
2427 3763 2634 3848 atque
2680 3755 2991 3845 ducunt,

786 4021 849 4095 1)
887 4018 1091 4081 Phara.
1132 4018 1272 4080 V111
1299 4037 1316 4080 ι
1340 4024 1474 4080 568.
1513 4020 1768 4081 x=420.
2010 4022 2075 4095 2)
2115 4021 2317 4082 Phars.
2354 4020 2539 4080 1:33.

783 4120 844 4190 a)
965 4158 1000 4188 „
1129 4115 1240 4175 VII
1263 4133 1279 4174 =
1301 4121 1435 4176 600.
2014 4118 2079 4191 4)
2204 4160 2234 4185 „
2364 4115 2538 4175 vm:
2562 4118 2699 4175 520.

782 4213 844 4284 5)
969 4252 997 4287 ,‚
1121 4210 1203 4271 Ἦ
1223 4230 1240 4270 2
1263 4213 1399 4273 332.
2020 4211 2084 4287 6)
2207 4255 2239 4284 „
2369 4211 2480 4271 vn
2501 4236 2516 4270 ε
2540 4215 2678 4270 440.

785 4309 845 4379 7)
969 4348 1004 4376 ,,
1130 4305 1438 4366 vnvm.
2019 4310 2080 4381 s)
2203 4350 2236 4378 ,,
2364 4308 2618 4369 vaso,
