3434 5159
1723 310 1814 381 86

630 528 873 617 pulsus
935 534 1057 601 est.
1148 529 1327 615 Tum
1394 535 1627 613 autem
1684 530 1992 615 Fortuna
2040 530 2238 601 illum
2285 551 2509 605 unum
2556 531 2915 605 hominem

633 633 707 701 in
751 632 1123 725 paludibus
1170 635 1596 725 depositum,
1644 641 1899 712 tuetur.

720 738 1027 808 Fortuna
1070 740 1179 809 his
1216 740 1385 809 locis
1412 740 1625 830 igitur
1654 741 1863 817 rebus
1897 746 1965 821 et
1995 740 2290 830 negotiis
2323 742 2535 811 unius
2568 743 2872 812 hominis
2896 797 2914 830 ,

630 844 847 912 fatum
895 846 1115 933 magis
1161 845 1287 912 toti
1333 846 1571 934 generi
1615 845 1925 915 humano
1975 845 2293 915 consulit.

724 946 1016 1016 Caesare
1064 955 1299 1018 autem
1344 949 1419 1017 in
1452 948 1763 1041 Aegypto
1794 951 1868 1019 in
1903 970 2180 1019 summo
2212 950 2523 1040 periculo
2558 958 2914 1040 versante,

634 1051 783 1118 eius
829 1050 1136 1120 Fortuna
1181 1071 1342 1120 cum
1390 1052 1527 1123 fato
1574 1053 1784 1123 totius
1831 1052 2126 1143 Aegypti
2170 1059 2438 1143 pugnat
2464 1052 2559 1143 ¹),
2595 1074 2732 1142 quo
2763 1054 2917 1123 loco

635 1153 990 1223 evidenter
1032 1155 1310 1229 fortuna
1355 1162 1424 1224 et
1466 1157 1686 1243 fatum
1733 1162 1899 1244 sunt
1944 1157 2127 1244 „duo
2173 1157 2700 1227 informationes
2731 1159 2916 1227 eius-

636 1259 796 1331 dem
863 1260 968 1328 rei
983 1258 1038 1348 ,’'
1109 1261 1232 1328 sed
1298 1260 1519 1329 fatum
1585 1262 2083 1351 impersonale,
2158 1262 2466 1334 Fortuna
2533 1264 2919 1352 personalis

636 1363 939 1454 fingitur.

230 1500 411 1560 fortuna
470 1497 584 1559 quw·
729 1466 1019 1557 Saepius
1066 1474 1299 1538 autem
1346 1471 1655 1541 Fortuna
1699 1473 1899 1561 quasi
1947 1471 2202 1540 ancilla
2247 1472 2370 1540 fati
2413 1473 2687 1545 videtur
2704 1525 2722 1560 ‚
2772 1474 2922 1543 eius

229 1551 379 1593 ΜΨ
417 1551 505 1592 '⁸²¹’
639 1573 967 1642 mandata
1031 1573 1406 1657 conficiens
1468 1580 1586 1646 aut
1648 1577 1925 1647 minora
1985 1577 2296 1667 negotia,
2364 1597 2404 1644 a
2463 1577 2602 1647 fato
2663 1578 2922 1666 imper-

636 1678 848 1765 fecta,
897 1679 984 1747 ad
1033 1678 1246 1753 finem
1291 1681 1704 1770 perducens,
1769 1680 1938 1750 Cato
1979 1702 2038 1749 e.
2065 1703 2129 1772 g.
2163 1682 2543 1750 Fortunam
2576 1688 2920 1770 precatur,

637 1784 698 1851 si
756 1784 907 1873 ipse
967 1784 1124 1854 fatis
1184 1787 1259 1855 in
1320 1786 1548 1855 aliena
1606 1788 1763 1859 iura
1824 1788 2129 1873 venerit,
2188 1792 2264 1856 ut
2326 1787 2539 1859 talem
2586 1787 2918 1859 victorem

639 1889 788 1975 det,
869 1889 1092 1977 qualis
1168 1890 1342 1963 Iuba
1415 1891 1640 1963 fuerit.
1673 1890 1733 1981 2)
1827 1892 2035 1963 Putat
2103 1892 2377 1981 igitur,·
2421 1892 2560 1960 fato
2636 1912 2917 1961 cursum

639 2014 876 2063 rerum
962 1994 1398 2067 discernente
1418 2051 1435 2083 ‚
1523 1997 1908 2067 Fortunam
1985 2016 2096 2067 res
2174 1996 2465 2065 minoris
2543 1997 2920 2082 momenti,

642 2119 895 2188 nempe
941 2100 1165 2187 qualis
1211 2102 1430 2170 victor
1474 2101 1749 2185 futurus
1795 2103 1918 2187 sit,
1967 2121 2167 2191 posse
2217 2103 2657 2183 constituere.

731 2202 920 2275 Alibi
963 2224 1205 2275 rursus
1251 2206 1600 2277 Fortunae
1646 2207 1869 2279 fatum
1902 2206 2157 2279 auxilio
2188 2206 2402 2291 venit.
2474 2204 2650 2277 Nam
2686 2223 2923 2294 pugna

642 2307 1039 2378 Pharsalica
1084 2312 1489 2400 commissa,
1537 2312 1846 2380 Fortuna
1890 2331 2036 2387 non
2082 2311 2224 2381 diu.

1251 2469 1265 2483 .
1314 2437 1592 2502 „rerum
1638 2422 1740 2485 tot
1784 2416 2094 2505 pondera
2138 2420 2450 2501 vertenS‚

914 2520 1195 2591 abstulit
1239 2522 1594 2611 ingenteS,
1640 2522 1778 2589 fato
1825 2526 2165 2606 torrente,
2216 2519 2496 2591 ruinas’
2503 2519 2609 2609 ’3)

736 2626 823 2694 Et
868 2625 1198 2714 Pompeio
1242 2627 1399 2695 fatis
1431 2627 1695 2695 deiecto
1730 2627 2014 2715 acieque
2045 2626 2314 2715 fugatO,
2349 2625 2656 2694 Fortuna
2690 2631 2923 2692 tamen

647 2751 791 2799 non
837 2750 1080 2799 omnes
1127 2730 1479 2803 ministros
1526 2730 1922 2802 abstulerat.
1954 2730 2015 2819 4)

740 2836 1045 2907 Massilia
1092 2834 1370 2905 Caesari
1413 2836 1812 2923 resistente,
1865 2835 2046 2922 „fata
2091 2836 2480 2921 tenentuff',
2522 2836 2620 2909 ita
2651 2839 2730 2904 ut
2761 2834 2927 2902 For-

649 2946 852 3027 tuna,
903 2960 1329 3031 „properans
1376 2961 1599 3013 unum
1650 2940 1918 3010 virum”
1970 2939 2256 3031 (nempe
2289 2938 2657 3017 Caesarem
2676 2938 2727 3029 ,)
2763 2940 2932 3025 „toti

652 3046 914 3120 mundo
960 3046 1386 3136 imponere’'‚
1435 3046 1668 3117 statim
1717 3046 1979 3133 aliquot
2025 3045 2173 3131 dies
2220 3044 2483 3134 perdat.
2516 3044 2575 3133 ⁵)

741 3150 878 3221 Sed
937 3152 1281 3245 imprimis
1344 3152 1522 3229 alius
1578 3151 1774 3235 locus
1835 3150 2159 3225 notabilis
2221 3155 2356 3236 est,
2413 3150 2537 3223 ubi
2583 3149 2930 3231 sententia

654 3256 920 3326 Lucani
964 3258 1332 3347 perspicua
1376 3256 1474 3325 fit.
1569 3255 1812 3342 Curi0,
1861 3254 2126 3343 legatus
2176 3254 2489 3323 Caesaris
2536 3255 2608 3322 in
2658 3253 2927 3338 Africa,

742 3571 800 3641 1)
841 3569 1042 3627 Phars.
1083 3568 1178 3626 X:
1205 3573 1259 3626 3.

741 3667 801 3736 2)
924 3706 960 3737 ,‚
1082 3662 1367 3720 1X1212.

742 3762 802 3832 3)
926 3802 962 3832 ,‚
1083 3756 1228 3815 VH:
1254 3759 1389 3816 504.
1471 3756 1748 3829 Postgate
1787 3770 1893 3828 pro
1937 3753 2254 3824 „abstulit”
2297 3755 2543 3812 coniecit,
2592 3753 2940 3826 „abstinet”‚

660 3871 768 3929 pro
830 3851 1169 3928 „pondera”
1225 3855 1300 3910 ct.
1359 3849 1655 3925 „pondere
1713 3847 2014 3923 vergens”,
2076 3850 2161 3907 sic
2220 3848 2541 3922 explicans:
2600 3851 2903 3924 „Fortuna
2922 3892 2939 3923 ,

663 3954 810 4022 quae
849 3953 939 4008 tot
977 3964 1168 4007 rerum
1195 3946 1448 4021 pondere
1473 3944 1722 4018 impulsa
1746 3943 1990 4003 nutabat
2005 3988 2020 4017 ,
2058 3942 2165 4003 fati
2190 3944 2411 4003 ruentis
2440 3949 2501 4003 et
2528 3945 2719 4004 omnia
2746 3960 2940 4003 secum

665 4045 945 4104 trahentis
996 4044 1325 4104 violentiam
1378 4059 1495 4102 non
1547 4041 1791 4114 amplius
1843 4039 2137 4099 continere
2190 4040 2413 4113 potuit:
2477 4040 2735 4098 Tralatio
2778 4044 2868 4098 est
2908 4052 2944 4096 a

666 4141 815 4200 mole
867 4128 1240 4198 redundanti*
1264 4155 1300 4197 a
1349 4135 1523 4196 fluvio
1573 4136 1728 4196 victa.
1780 4139 1840 4195 et
1893 4151 2072 4209 aquas
2125 4135 2238 4194 iam
2287 4151 2392 4208 per
2432 4152 2495 4195 se
2534 4130 2942 4195 immittente.”

672 4233 757 4296 Of.
800 4233 1080 4293 Mnemos.
1129 4236 1280 4292 1886
1322 4250 1418 4307 pg.
1461 4236 1599 4292 440.

751 4333 812 4408 4)
853 4327 1057 4398 Phars.
1097 4328 1237 4395 VIII
1261 4347 1273 4397 ;
1299 4333 1437 4395 206.
1839 4327 1900 4406 5)
1941 4324 2142 4395 Phars.
2186 4324 2465 4395 1112392.
