<?xml version="1.0" encoding="UTF-8"?>
<!DOCTYPE html PUBLIC "-//W3C//DTD XHTML 1.0 Transitional//EN"
    "http://www.w3.org/TR/xhtml1/DTD/xhtml1-transitional.dtd">
<html xmlns="http://www.w3.org/1999/xhtml" xml:lang="en" lang="en">
 <head>
  <title>
</title>
<meta http-equiv="Content-Type" content="text/html;charset=utf-8" />
  <meta name='ocr-system' content='tesseract 3.04.00' />
  <meta name='ocr-capabilities' content='ocr_page ocr_carea ocr_par ocr_line ocrx_word'/>
</head>
<body>
  <div class='ocr_page' id='page_1' title='image "./lucanisententia00millgoog_0094.png"; bbox 0 0 3434 5159; ppageno 0'>
   <div class='ocr_carea' id='block_1_1' title="bbox 1803 318 1896 390">
    <p class='ocr_par' dir='ltr' id='par_1_1' title="bbox 1803 318 1896 390">
     <span class='ocr_line' id='line_1_1' title="bbox 1803 318 1896 390; baseline 0 0"><span class='ocrx_word' id='word_1_1' title='bbox 1803 318 1896 390; x_wconf 78' lang='lat'>82</span> 
     </span>
    </p>
   </div>
   <div class='ocr_carea' id='block_1_2' title="bbox 710 539 3000 1156">
    <p class='ocr_par' dir='ltr' id='par_1_2' title="bbox 710 539 3000 821">
     <span class='ocr_line' id='line_1_2' title="bbox 802 539 3000 631; baseline 0.003 -23"><span class='ocrx_word' id='word_1_2' title='bbox 802 539 1210 630; x_wconf 78' lang='lat' dir='ltr'>PompeiuS,</span> <span class='ocrx_word' id='word_1_3' title='bbox 1273 561 1333 610; x_wconf 91' lang='lat' dir='ltr'>e.</span> <span class='ocrx_word' id='word_1_4' title='bbox 1381 561 1443 631; x_wconf 82' lang='lat' dir='ltr'>g.</span> <span class='ocrx_word' id='word_1_5' title='bbox 1508 561 1819 631; x_wconf 84' lang='lat' dir='ltr'>pugnam</span> <span class='ocrx_word' id='word_1_6' title='bbox 1882 542 2317 613; x_wconf 82' lang='lat' dir='ltr'>committere</span> <span class='ocrx_word' id='word_1_7' title='bbox 2380 544 2744 631; x_wconf 86' lang='lat' dir='ltr'>dubitans,</span> <span class='ocrx_word' id='word_1_8' title='bbox 2815 547 3000 615; x_wconf 90' lang='lat' dir='ltr'>mili-</span> 
     </span>
     <span class='ocr_line' id='line_1_3' title="bbox 710 647 2998 739; baseline 0.003 -26"><span class='ocrx_word' id='word_1_9' title='bbox 710 651 861 715; x_wconf 88' lang='lat' dir='ltr'>tum</span> <span class='ocrx_word' id='word_1_10' title='bbox 911 647 1375 732; x_wconf 81' lang='lat' dir='ltr'>clamoribuS,</span> <span class='ocrx_word' id='word_1_11' title='bbox 1439 647 1782 734; x_wconf 84' lang='lat' dir='ltr'>proelium</span> <span class='ocrx_word' id='word_1_12' title='bbox 1832 647 2424 738; x_wconf 82' lang='lat' dir='ltr'>desiderantium,</span> <span class='ocrx_word' id='word_1_13' title='bbox 2474 653 2734 720; x_wconf 87' lang='lat' dir='ltr'>invitus</span> <span class='ocrx_word' id='word_1_14' title='bbox 2781 654 2998 739; x_wconf 91' lang='lat' dir='ltr'>cedit,</span> 
     </span>
     <span class='ocr_line' id='line_1_4' title="bbox 710 752 1397 821; baseline 0.002 -2"><span class='ocrx_word' id='word_1_15' title='bbox 710 754 811 820; x_wconf 90' lang='lat' dir='ltr'>sic</span> <span class='ocrx_word' id='word_1_16' title='bbox 857 773 975 820; x_wconf 87' lang='lat' dir='ltr'>eos</span> <span class='ocrx_word' id='word_1_17' title='bbox 1023 752 1397 821; x_wconf 90' lang='lat' dir='ltr'>allocutus:</span> 
     </span>
    </p>

    <p class='ocr_par' dir='ltr' id='par_1_3' title="bbox 978 858 2741 1156">
     <span class='ocr_line' id='line_1_5' title="bbox 1390 858 2741 949; baseline 0.005 -25.225"><span class='ocrx_word' id='word_1_18' title='bbox 1390 858 1670 944; x_wconf 79' lang='lat' dir='ltr'>„Placet</span> <span class='ocrx_word' id='word_1_19' title='bbox 1714 858 1889 927; x_wconf 89' lang='lat' dir='ltr'>haec</span> <span class='ocrx_word' id='word_1_20' title='bbox 1934 864 2078 927; x_wconf 91' lang='lat' dir='ltr'>tam</span> <span class='ocrx_word' id='word_1_21' title='bbox 2126 879 2459 949; x_wconf 89' lang='lat' dir='ltr'>prospera</span> <span class='ocrx_word' id='word_1_22' title='bbox 2503 884 2741 931; x_wconf 89' lang='lat' dir='ltr'>rerum</span> 
     </span>
     <span class='ocr_line' id='line_1_6' title="bbox 979 911 2723 1054; baseline 0.003 -23"><span class='ocrx_word' id='word_1_23' title='bbox 979 911 1255 1033; x_wconf 80' lang='lat' dir='ltr'>tradere</span> <span class='ocrx_word' id='word_1_24' title='bbox 1303 963 1705 1033; x_wconf 78' lang='lat' dir='ltr'>Fortunae‘?</span> <span class='ocrx_word' id='word_1_25' title='bbox 1755 963 1983 1053; x_wconf 76' lang='lat' dir='ltr'>gladio</span> <span class='ocrx_word' id='word_1_26' title='bbox 2029 968 2429 1054; x_wconf 83' lang='lat' dir='ltr'>permittere</span> <span class='ocrx_word' id='word_1_27' title='bbox 2475 969 2723 1036; x_wconf 89' lang='lat' dir='ltr'>mundi</span> 
     </span>
     <span class='ocr_line' id='line_1_7' title="bbox 978 1069 1544 1156; baseline 0 -19"><span class='ocrx_word' id='word_1_28' title='bbox 978 1069 1451 1138; x_wconf 75' lang='lat' dir='ltr'>discrimen‘l&#39;&#39;</span> <span class='ocrx_word' id='word_1_29' title='bbox 1489 1070 1544 1156; x_wconf 90' lang='lat'>¹)</span> 
     </span>
    </p>
   </div>
   <div class='ocr_carea' id='block_1_3' title="bbox 709 1172 2993 1349">
    <p class='ocr_par' dir='ltr' id='par_1_4' title="bbox 709 1172 2993 1349">
     <span class='ocr_line' id='line_1_8' title="bbox 799 1172 2993 1267; baseline 0.002 -25"><span class='ocrx_word' id='word_1_30' title='bbox 799 1174 856 1242; x_wconf 90' lang='lat' dir='ltr'>E</span> <span class='ocrx_word' id='word_1_31' title='bbox 933 1194 1118 1243; x_wconf 85' lang='lat' dir='ltr'>nexu</span> <span class='ocrx_word' id='word_1_32' title='bbox 1196 1179 1483 1264; x_wconf 89' lang='lat' dir='ltr'>apparet</span> <span class='ocrx_word' id='word_1_33' title='bbox 1558 1172 1972 1262; x_wconf 90' lang='lat' dir='ltr'>Pompeium</span> <span class='ocrx_word' id='word_1_34' title='bbox 2053 1176 2300 1245; x_wconf 87' lang='lat' dir='ltr'>timere</span> <span class='ocrx_word' id='word_1_35' title='bbox 2363 1180 2557 1247; x_wconf 88' lang='lat' dir='ltr'>casui</span> <span class='ocrx_word' id='word_1_36' title='bbox 2614 1179 2993 1267; x_wconf 87' lang='lat' dir='ltr'>imperium</span> 
     </span>
     <span class='ocr_line' id='line_1_9' title="bbox 709 1281 1162 1349; baseline 0 0"><span class='ocrx_word' id='word_1_37' title='bbox 709 1281 1162 1349; x_wconf 89' lang='lat' dir='ltr'>committere.</span> 
     </span>
    </p>
   </div>
   <div class='ocr_carea' id='block_1_4' title="bbox 302 1385 2995 4104">
    <p class='ocr_par' dir='ltr' id='par_1_5' title="bbox 302 1385 2995 4104">
     <span class='ocr_line' id='line_1_10' title="bbox 798 1385 2992 1477; baseline 0.001 -24"><span class='ocrx_word' id='word_1_38' title='bbox 798 1385 885 1453; x_wconf 92' lang='lat' dir='ltr'>Et</span> <span class='ocrx_word' id='word_1_39' title='bbox 947 1385 1392 1474; x_wconf 84' lang='lat' dir='ltr'>gubernatori</span> <span class='ocrx_word' id='word_1_40' title='bbox 1455 1386 1851 1473; x_wconf 86' lang='lat' dir='ltr'>quaerenti,</span> <span class='ocrx_word' id='word_1_41' title='bbox 1917 1406 2095 1474; x_wconf 89' lang='lat' dir='ltr'>quae</span> <span class='ocrx_word' id='word_1_42' title='bbox 2158 1387 2358 1456; x_wconf 84' lang='lat' dir='ltr'>litora</span> <span class='ocrx_word' id='word_1_43' title='bbox 2421 1394 2721 1477; x_wconf 87' lang='lat' dir='ltr'>peteret,</span> <span class='ocrx_word' id='word_1_44' title='bbox 2780 1388 2992 1456; x_wconf 88' lang='lat' dir='ltr'>Pom-</span> 
     </span>
     <span class='ocr_line' id='line_1_11' title="bbox 708 1490 1779 1580; baseline -0.003 -20"><span class='ocrx_word' id='word_1_45' title='bbox 708 1493 906 1580; x_wconf 88' lang='lat' dir='ltr'>peius</span> <span class='ocrx_word' id='word_1_46' title='bbox 951 1497 1108 1579; x_wconf 88' lang='lat' dir='ltr'>post</span> <span class='ocrx_word' id='word_1_47' title='bbox 1155 1490 1426 1559; x_wconf 89' lang='lat' dir='ltr'>cladem</span> <span class='ocrx_word' id='word_1_48' title='bbox 1471 1491 1779 1580; x_wconf 82' lang='lat' dir='ltr'>fugiens:</span> 
     </span>
     <span class='ocr_line' id='line_1_12' title="bbox 887 1596 2760 1687; baseline 0.002 -23"><span class='ocrx_word' id='word_1_49' title='bbox 887 1598 1063 1684; x_wconf 90' lang='lat' dir='ltr'>„hoc</span> <span class='ocrx_word' id='word_1_50' title='bbox 1108 1596 1335 1665; x_wconf 89' lang='lat' dir='ltr'>solum</span> <span class='ocrx_word' id='word_1_51' title='bbox 1382 1602 1560 1681; x_wconf 94' lang='lat' dir='ltr'>toto,</span> <span class='ocrx_word' id='word_1_52' title='bbox 1610 1597 2000 1685; x_wconf 88' lang='lat' dir='ltr'>respondit,</span> <span class='ocrx_word' id='word_1_53' title='bbox 2055 1599 2129 1665; x_wconf 90' lang='lat' dir='ltr'>in</span> <span class='ocrx_word' id='word_1_54' title='bbox 2178 1618 2476 1687; x_wconf 86' lang='lat' dir='ltr'>aequore</span> <span class='ocrx_word' id='word_1_55' title='bbox 2522 1620 2760 1684; x_wconf 88' lang='lat' dir='ltr'>serva,</span> 
     </span>
     <span class='ocr_line' id='line_1_13' title="bbox 886 1701 2619 1793; baseline 0.002 -24"><span class='ocrx_word' id='word_1_56' title='bbox 886 1709 965 1770; x_wconf 90' lang='lat' dir='ltr'>ut</span> <span class='ocrx_word' id='word_1_57' title='bbox 1009 1703 1098 1769; x_wconf 90' lang='lat' dir='ltr'>sit</span> <span class='ocrx_word' id='word_1_58' title='bbox 1143 1701 1231 1770; x_wconf 92' lang='lat' dir='ltr'>ab</span> <span class='ocrx_word' id='word_1_59' title='bbox 1279 1701 1620 1769; x_wconf 85' lang='lat' dir='ltr'>Emathiis</span> <span class='ocrx_word' id='word_1_60' title='bbox 1666 1721 1945 1790; x_wconf 90' lang='lat' dir='ltr'>semper</span> <span class='ocrx_word' id='word_1_61' title='bbox 1992 1708 2111 1771; x_wconf 89' lang='lat' dir='ltr'>tua</span> <span class='ocrx_word' id='word_1_62' title='bbox 2158 1704 2432 1793; x_wconf 82' lang='lat' dir='ltr'>longius</span> <span class='ocrx_word' id='word_1_63' title='bbox 2477 1706 2619 1773; x_wconf 91' lang='lat' dir='ltr'>oris</span> 
     </span>
     <span class='ocr_line' id='line_1_14' title="bbox 887 1806 2814 1897; baseline 0.001 -22"><span class='ocrx_word' id='word_1_64' title='bbox 887 1808 1140 1895; x_wconf 87' lang='lat' dir='ltr'>puppis</span> <span class='ocrx_word' id='word_1_65' title='bbox 1154 1813 1253 1874; x_wconf 82' lang='lat' dir='ltr'>-et</span> <span class='ocrx_word' id='word_1_66' title='bbox 1302 1806 1710 1894; x_wconf 85' lang='lat' dir='ltr'>Hesperiam</span> <span class='ocrx_word' id='word_1_67' title='bbox 1757 1808 2002 1897; x_wconf 85' lang='lat' dir='ltr'>pelago</span> <span class='ocrx_word' id='word_1_68' title='bbox 2050 1809 2379 1897; x_wconf 91' lang='lat' dir='ltr'>caeloque</span> <span class='ocrx_word' id='word_1_69' title='bbox 2425 1810 2814 1897; x_wconf 88' lang='lat' dir='ltr'>relinquas:</span> 
     </span>
     <span class='ocr_line' id='line_1_15' title="bbox 888 1911 2721 2003; baseline 0.001 -24"><span class='ocrx_word' id='word_1_70' title='bbox 888 1917 1163 1980; x_wconf 89' lang='lat' dir='ltr'>cetera</span> <span class='ocrx_word' id='word_1_71' title='bbox 1209 1911 1308 1978; x_wconf 90' lang='lat' dir='ltr'>da</span> <span class='ocrx_word' id='word_1_72' title='bbox 1355 1912 1660 1980; x_wconf 87' lang='lat' dir='ltr'>ventis:</span> <span class='ocrx_word' id='word_1_73' title='bbox 1712 1913 2001 1980; x_wconf 90' lang='lat' dir='ltr'>comites</span> <span class='ocrx_word' id='word_1_74' title='bbox 2048 1914 2440 2002; x_wconf 87' lang='lat' dir='ltr'>pignusque</span> <span class='ocrx_word' id='word_1_75' title='bbox 2487 1916 2721 2003; x_wconf 90' lang='lat' dir='ltr'>recepi</span> 
     </span>
     <span class='ocr_line' id='line_1_16' title="bbox 886 2017 2835 2107; baseline 0.001 -23"><span class='ocrx_word' id='word_1_76' title='bbox 886 2017 1310 2106; x_wconf 88' lang='lat' dir='ltr'>depositum:</span> <span class='ocrx_word' id='word_1_77' title='bbox 1361 2021 1511 2084; x_wconf 89' lang='lat' dir='ltr'>tum</span> <span class='ocrx_word' id='word_1_78' title='bbox 1561 2022 1792 2085; x_wconf 90' lang='lat' dir='ltr'>certus</span> <span class='ocrx_word' id='word_1_79' title='bbox 1839 2038 2030 2086; x_wconf 88' lang='lat' dir='ltr'>eram</span> <span class='ocrx_word' id='word_1_80' title='bbox 2076 2039 2255 2107; x_wconf 90' lang='lat' dir='ltr'>quae</span> <span class='ocrx_word' id='word_1_81' title='bbox 2302 2020 2503 2088; x_wconf 87' lang='lat' dir='ltr'>litora</span> <span class='ocrx_word' id='word_1_82' title='bbox 2551 2020 2835 2105; x_wconf 82' lang='lat' dir='ltr'>vellem3</span> 
     </span>
     <span class='ocr_line' id='line_1_17' title="bbox 883 2114 2504 2213; baseline 0.002 -24"><span class='ocrx_word' id='word_1_83' title='bbox 883 2142 1076 2191; x_wconf 88' lang='lat' dir='ltr'>nunc</span> <span class='ocrx_word' id='word_1_84' title='bbox 1120 2126 1445 2210; x_wconf 86' lang='lat' dir='ltr'>portum</span> <span class='ocrx_word' id='word_1_85' title='bbox 1493 2121 1853 2191; x_wconf 90' lang='lat' dir='ltr'>Fortuna</span> <span class='ocrx_word' id='word_1_86' title='bbox 1901 2123 2191 2192; x_wconf 86' lang='lat' dir='ltr'>dabit.’&#39;</span> <span class='ocrx_word' id='word_1_87' title='bbox 2223 2124 2281 2213; x_wconf 73' lang='grc'>2)</span> <span class='ocrx_word' id='word_1_88' title='bbox 2497 2114 2504 2121; x_wconf 75' lang='grc'>’</span> 
     </span>
     <span class='ocr_line' id='line_1_18' title="bbox 796 2227 2097 2298; baseline 0.001 -3"><span class='ocrx_word' id='word_1_89' title='bbox 796 2228 927 2295; x_wconf 91' lang='lat' dir='ltr'>Hic</span> <span class='ocrx_word' id='word_1_90' title='bbox 976 2234 1161 2295; x_wconf 90' lang='lat' dir='ltr'>certe</span> <span class='ocrx_word' id='word_1_91' title='bbox 1208 2227 1488 2295; x_wconf 89' lang='lat' dir='ltr'>fortuna</span> <span class='ocrx_word' id='word_1_92' title='bbox 1534 2232 1639 2295; x_wconf 88' lang='lat' dir='ltr'>est</span> <span class='ocrx_word' id='word_1_93' title='bbox 1684 2247 1893 2296; x_wconf 88' lang='lat' dir='ltr'>caeca</span> <span class='ocrx_word' id='word_1_94' title='bbox 1935 2229 2097 2298; x_wconf 84' lang='lat' dir='ltr'>fors.</span> 
     </span>
     <span class='ocr_line' id='line_1_19' title="bbox 794 2331 2990 2421; baseline 0 -22"><span class='ocrx_word' id='word_1_95' title='bbox 794 2331 877 2400; x_wconf 88' lang='lat' dir='ltr'>In</span> <span class='ocrx_word' id='word_1_96' title='bbox 944 2332 1344 2401; x_wconf 87' lang='lat' dir='ltr'>Pharsalica</span> <span class='ocrx_word' id='word_1_97' title='bbox 1412 2351 1651 2421; x_wconf 83' lang='lat' dir='ltr'>pugna</span> <span class='ocrx_word' id='word_1_98' title='bbox 1712 2333 1967 2401; x_wconf 88' lang='lat' dir='ltr'>milites</span> <span class='ocrx_word' id='word_1_99' title='bbox 2029 2334 2486 2403; x_wconf 88' lang='lat' dir='ltr'>recordantur</span> <span class='ocrx_word' id='word_1_100' title='bbox 2546 2334 2778 2403; x_wconf 88' lang='lat' dir='ltr'>hostes</span> <span class='ocrx_word' id='word_1_101' title='bbox 2841 2352 2990 2402; x_wconf 89' lang='lat' dir='ltr'>esse</span> 
     </span>
     <span class='ocr_line' id='line_1_20' title="bbox 704 2437 2199 2528; baseline 0.001 -22"><span class='ocrx_word' id='word_1_102' title='bbox 704 2458 868 2507; x_wconf 90' lang='lat' dir='ltr'>suos</span> <span class='ocrx_word' id='word_1_103' title='bbox 913 2439 1225 2527; x_wconf 90' lang='lat' dir='ltr'>ipsorum</span> <span class='ocrx_word' id='word_1_104' title='bbox 1275 2443 1604 2527; x_wconf 84' lang='lat' dir='ltr'>cognatos</span> <span class='ocrx_word' id='word_1_105' title='bbox 1651 2437 2199 2528; x_wconf 82' lang='lat' dir='ltr'>familiaresque:</span> 
     </span>
     <span class='ocr_line' id='line_1_21' title="bbox 795 2543 2587 2634; baseline 0.001 -23.026"><span class='ocrx_word' id='word_1_106' title='bbox 795 2543 1146 2630; x_wconf 82' lang='lat' dir='ltr'>„Vulnera</span> <span class='ocrx_word' id='word_1_107' title='bbox 1192 2562 1354 2630; x_wconf 88' lang='lat' dir='ltr'>pars</span> <span class='ocrx_word' id='word_1_108' title='bbox 1402 2547 1627 2631; x_wconf 91' lang='lat' dir='ltr'>optat,</span> <span class='ocrx_word' id='word_1_109' title='bbox 1676 2563 1840 2632; x_wconf 90' lang='lat' dir='ltr'>pars</span> <span class='ocrx_word' id='word_1_110' title='bbox 1888 2549 2112 2612; x_wconf 88' lang='lat' dir='ltr'>terrae</span> <span class='ocrx_word' id='word_1_111' title='bbox 2158 2543 2369 2634; x_wconf 81' lang='lat' dir='ltr'>figere</span> <span class='ocrx_word' id='word_1_112' title='bbox 2416 2544 2587 2630; x_wconf 89' lang='lat' dir='ltr'>tela,</span> 
     </span>
     <span class='ocr_line' id='line_1_22' title="bbox 795 2649 2585 2736; baseline 0 -19"><span class='ocrx_word' id='word_1_113' title='bbox 795 2668 876 2717; x_wconf 82' lang='lat' dir='ltr'>ac</span> <span class='ocrx_word' id='word_1_114' title='bbox 924 2668 1133 2736; x_wconf 89' lang='lat' dir='ltr'>puras</span> <span class='ocrx_word' id='word_1_115' title='bbox 1185 2667 1463 2716; x_wconf 88' lang='lat' dir='ltr'>servare</span> <span class='ocrx_word' id='word_1_116' title='bbox 1511 2667 1786 2716; x_wconf 90' lang='lat' dir='ltr'>manus.</span> <span class='ocrx_word' id='word_1_117' title='bbox 1834 2649 2018 2736; x_wconf 86' lang='lat' dir='ltr'>rapit</span> <span class='ocrx_word' id='word_1_118' title='bbox 2064 2650 2303 2717; x_wconf 88' lang='lat' dir='ltr'>omnia</span> <span class='ocrx_word' id='word_1_119' title='bbox 2350 2668 2585 2736; x_wconf 83' lang='lat' dir='ltr'>casuS,</span> 
     </span>
     <span class='ocr_line' id='line_1_23' title="bbox 795 2752 2887 2843; baseline -0 -21"><span class='ocrx_word' id='word_1_120' title='bbox 795 2760 1003 2843; x_wconf 92' lang='lat' dir='ltr'>atque</span> <span class='ocrx_word' id='word_1_121' title='bbox 1048 2755 1370 2822; x_wconf 89' lang='lat' dir='ltr'>incerta</span> <span class='ocrx_word' id='word_1_122' title='bbox 1417 2752 1579 2820; x_wconf 87' lang='lat' dir='ltr'>facit</span> <span class='ocrx_word' id='word_1_123' title='bbox 1624 2773 1800 2840; x_wconf 92' lang='lat' dir='ltr'>quos</span> <span class='ocrx_word' id='word_1_124' title='bbox 1849 2755 1996 2822; x_wconf 90' lang='lat' dir='ltr'>vult</span> <span class='ocrx_word' id='word_1_125' title='bbox 2041 2755 2347 2824; x_wconf 84' lang='lat' dir='ltr'>Fortuna</span> <span class='ocrx_word' id='word_1_126' title='bbox 2393 2753 2797 2823; x_wconf 70' lang='lat' dir='ltr'>nocenteS.”‘</span> <span class='ocrx_word' id='word_1_127' title='bbox 2823 2752 2887 2840; x_wconf 84' lang='grc'>3)</span> 
     </span>
     <span class='ocr_line' id='line_1_24' title="bbox 797 2858 2995 2948; baseline -0.002 -21"><span class='ocrx_word' id='word_1_128' title='bbox 797 2859 900 2927; x_wconf 86' lang='lat' dir='ltr'>Ex</span> <span class='ocrx_word' id='word_1_129' title='bbox 993 2859 1295 2948; x_wconf 88' lang='lat' dir='ltr'>epitheto</span> <span class='ocrx_word' id='word_1_130' title='bbox 1373 2859 1641 2925; x_wconf 86' lang='lat' dir='ltr'>incerta</span> <span class='ocrx_word' id='word_1_131' title='bbox 1729 2865 1795 2926; x_wconf 91' lang='lat' dir='ltr'>et</span> <span class='ocrx_word' id='word_1_132' title='bbox 1873 2859 2103 2927; x_wconf 86' lang='lat' dir='ltr'>verbis</span> <span class='ocrx_word' id='word_1_133' title='bbox 2180 2858 2751 2928; x_wconf 89' lang='lat' dir='ltr'>antecedentibus</span> <span class='ocrx_word' id='word_1_134' title='bbox 2827 2858 2995 2925; x_wconf 87' lang='lat' dir='ltr'>satis</span> 
     </span>
     <span class='ocr_line' id='line_1_25' title="bbox 706 2963 2988 3055; baseline -0.002 -22"><span class='ocrx_word' id='word_1_135' title='bbox 706 2971 926 3055; x_wconf 84' lang='lat' dir='ltr'>patet,</span> <span class='ocrx_word' id='word_1_136' title='bbox 995 2969 1274 3053; x_wconf 87' lang='lat' dir='ltr'>poetam</span> <span class='ocrx_word' id='word_1_137' title='bbox 1336 2964 1468 3031; x_wconf 91' lang='lat' dir='ltr'>hoc</span> <span class='ocrx_word' id='word_1_138' title='bbox 1529 2963 1681 3032; x_wconf 93' lang='lat' dir='ltr'>loco</span> <span class='ocrx_word' id='word_1_139' title='bbox 1737 2984 1978 3033; x_wconf 87' lang='lat' dir='ltr'>casum</span> <span class='ocrx_word' id='word_1_140' title='bbox 2025 2966 2177 3032; x_wconf 90' lang='lat' dir='ltr'>sine</span> <span class='ocrx_word' id='word_1_141' title='bbox 2221 2966 2492 3032; x_wconf 88' lang='lat' dir='ltr'>ratione</span> <span class='ocrx_word' id='word_1_142' title='bbox 2542 2969 2864 3053; x_wconf 83' lang='lat' dir='ltr'>agentem</span> <span class='ocrx_word' id='word_1_143' title='bbox 2911 2963 2988 3029; x_wconf 91' lang='lat' dir='ltr'>in</span> 
     </span>
     <span class='ocr_line' id='line_1_26' title="bbox 716 3067 2992 3158; baseline -0.003 -18"><span class='ocrx_word' id='word_1_144' title='bbox 716 3072 951 3140; x_wconf 88' lang='lat' dir='ltr'>animo</span> <span class='ocrx_word' id='word_1_145' title='bbox 998 3070 1345 3139; x_wconf 90' lang='lat' dir='ltr'>habuisse.</span> <span class='ocrx_word' id='word_1_146' title='bbox 1423 3067 1800 3156; x_wconf 86' lang='lat' dir='ltr'>Pompeius</span> <span class='ocrx_word' id='word_1_147' title='bbox 1848 3074 2081 3138; x_wconf 88' lang='lat' dir='ltr'>autem</span> <span class='ocrx_word' id='word_1_148' title='bbox 2128 3071 2278 3158; x_wconf 89' lang='lat' dir='ltr'>ipse</span> <span class='ocrx_word' id='word_1_149' title='bbox 2320 3069 2759 3158; x_wconf 90' lang='lat' dir='ltr'>aliquomodo</span> <span class='ocrx_word' id='word_1_150' title='bbox 2792 3067 2992 3136; x_wconf 80' lang='lat' dir='ltr'>dubi-</span> 
     </span>
     <span class='ocr_line' id='line_1_27' title="bbox 706 3174 1963 3262; baseline -0.003 -17"><span class='ocrx_word' id='word_1_151' title='bbox 706 3182 935 3245; x_wconf 88' lang='lat' dir='ltr'>tanter</span> <span class='ocrx_word' id='word_1_152' title='bbox 982 3176 1084 3245; x_wconf 90' lang='lat' dir='ltr'>sic</span> <span class='ocrx_word' id='word_1_153' title='bbox 1130 3175 1513 3244; x_wconf 87' lang='lat' dir='ltr'>Fortunam</span> <span class='ocrx_word' id='word_1_154' title='bbox 1563 3174 1963 3262; x_wconf 86' lang='lat' dir='ltr'>compellat:</span> 
     </span>
     <span class='ocr_line' id='line_1_28' title="bbox 1114 3280 2767 3366; baseline 0 -17"><span class='ocrx_word' id='word_1_155' title='bbox 1114 3333 1129 3349; x_wconf 92' lang='lat'><strong>.</strong></span> <span class='ocrx_word' id='word_1_156' title='bbox 1228 3334 1243 3349; x_wconf 90' lang='lat'><strong>.</strong></span> <span class='ocrx_word' id='word_1_157' title='bbox 1292 3300 1482 3366; x_wconf 90' lang='lat' dir='ltr'>„non</span> <span class='ocrx_word' id='word_1_158' title='bbox 1529 3284 1674 3346; x_wconf 88' lang='lat' dir='ltr'>tam</span> <span class='ocrx_word' id='word_1_159' title='bbox 1722 3298 1929 3347; x_wconf 92' lang='lat' dir='ltr'>caeco</span> <span class='ocrx_word' id='word_1_160' title='bbox 1975 3280 2194 3348; x_wconf 87' lang='lat' dir='ltr'>trahis</span> <span class='ocrx_word' id='word_1_161' title='bbox 2239 3281 2477 3349; x_wconf 89' lang='lat' dir='ltr'>omnia</span> <span class='ocrx_word' id='word_1_162' title='bbox 2523 3300 2767 3364; x_wconf 66' lang='lat' dir='ltr'>curm,</span> 
     </span>
     <span class='ocr_line' id='line_1_29' title="bbox 885 3383 2119 3474; baseline -0.003 -19"><span class='ocrx_word' id='word_1_163' title='bbox 885 3393 1093 3474; x_wconf 88' lang='lat' dir='ltr'>teque</span> <span class='ocrx_word' id='word_1_164' title='bbox 1139 3385 1349 3471; x_wconf 90' lang='lat' dir='ltr'>nihil,</span> <span class='ocrx_word' id='word_1_165' title='bbox 1399 3384 1742 3470; x_wconf 89' lang='lat' dir='ltr'>Fortuna,</span> <span class='ocrx_word' id='word_1_166' title='bbox 1792 3384 2027 3471; x_wconf 89' lang='lat' dir='ltr'>pudet.</span> <span class='ocrx_word' id='word_1_167' title='bbox 2058 3383 2119 3473; x_wconf 82' lang='lat'>4)</span> 
     </span>
     <span class='ocr_line' id='line_1_30' title="bbox 800 3488 2992 3608; baseline -0.002 -49"><span class='ocrx_word' id='word_1_168' title='bbox 800 3492 924 3559; x_wconf 90' lang='lat' dir='ltr'>His</span> <span class='ocrx_word' id='word_1_169' title='bbox 970 3491 1193 3559; x_wconf 87' lang='lat' dir='ltr'>tribus</span> <span class='ocrx_word' id='word_1_170' title='bbox 1239 3490 1408 3557; x_wconf 90' lang='lat' dir='ltr'>locis</span> <span class='ocrx_word' id='word_1_171' title='bbox 1454 3490 1666 3578; x_wconf 83' lang='lat' dir='ltr'>igitur</span> <span class='ocrx_word' id='word_1_172' title='bbox 1711 3508 1969 3578; x_wconf 83' lang='lat' dir='ltr'>negare</span> <span class='ocrx_word' id='word_1_173' title='bbox 2017 3508 2160 3556; x_wconf 89' lang='lat' dir='ltr'>non</span> <span class='ocrx_word' id='word_1_174' title='bbox 2202 3508 2610 3608; x_wconf 77' lang='lat' dir='ltr'>possumUS,</span> <span class='ocrx_word' id='word_1_175' title='bbox 2644 3488 2992 3556; x_wconf 86' lang='lat' dir='ltr'>fortunam</span> 
     </span>
     <span class='ocr_line' id='line_1_31' title="bbox 709 3593 2992 3686; baseline -0.002 -23"><span class='ocrx_word' id='word_1_176' title='bbox 709 3594 1103 3686; x_wconf 78' lang='lat' dir='ltr'>significare</span> <span class='ocrx_word' id='word_1_177' title='bbox 1148 3614 1386 3662; x_wconf 90' lang='lat' dir='ltr'>rerum</span> <span class='ocrx_word' id='word_1_178' title='bbox 1432 3593 1753 3662; x_wconf 87' lang='lat' dir='ltr'>ordinem</span> <span class='ocrx_word' id='word_1_179' title='bbox 1799 3594 2162 3662; x_wconf 86' lang='lat' dir='ltr'>fortuitum</span> <span class='ocrx_word' id='word_1_180' title='bbox 2210 3595 2355 3661; x_wconf 88' lang='lat' dir='ltr'>sive</span> <span class='ocrx_word' id='word_1_181' title='bbox 2403 3614 2686 3663; x_wconf 90' lang='lat' dir='ltr'>caecum</span> <span class='ocrx_word' id='word_1_182' title='bbox 2731 3611 2992 3660; x_wconf 89' lang='lat' dir='ltr'>casum.</span> 
     </span>
     <span class='ocr_line' id='line_1_32' title="bbox 302 3698 2993 3826; baseline -0.005 -51"><span class='ocrx_word' id='word_1_183' title='bbox 302 3732 360 3775; x_wconf 77' lang='lat' dir='ltr'>r</span> <span class='ocrx_word' id='word_1_184' title='bbox 361 3735 449 3775; x_wconf 72' lang='lat' dir='ltr'>tum</span> <span class='ocrx_word' id='word_1_185' title='bbox 462 3733 571 3774; x_wconf 71' lang='lat' dir='ltr'>tro</span> <span class='ocrx_word' id='word_1_186' title='bbox 551 3734 695 3826; x_wconf 52' lang='grc' dir='ltr'>ξω,</span> <span class='ocrx_word' id='word_1_187' title='bbox 814 3699 1140 3768; x_wconf 88' lang='lat' dir='ltr'>Ceterum</span> <span class='ocrx_word' id='word_1_188' title='bbox 1187 3698 1492 3767; x_wconf 90' lang='lat' dir='ltr'>notabile</span> <span class='ocrx_word' id='word_1_189' title='bbox 1539 3705 1676 3780; x_wconf 90' lang='lat' dir='ltr'>est,</span> <span class='ocrx_word' id='word_1_190' title='bbox 1737 3705 2014 3788; x_wconf 87' lang='lat' dir='ltr'>poetam</span> <span class='ocrx_word' id='word_1_191' title='bbox 2062 3719 2223 3768; x_wconf 90' lang='lat' dir='ltr'>cum</span> <span class='ocrx_word' id='word_1_192' title='bbox 2272 3699 2671 3768; x_wconf 88' lang='lat' dir='ltr'>dubitanter</span> <span class='ocrx_word' id='word_1_193' title='bbox 2714 3701 2993 3765; x_wconf 90' lang='lat' dir='ltr'>senten-</span> 
     </span>
     <span class='ocr_line' id='line_1_33' title="bbox 302 3787 2993 3894; baseline -0.005 -13"><span class='ocrx_word' id='word_1_194' title='bbox 302 3787 571 3894; x_wconf 53' lang='lat' dir='ltr'>{muniffrf&#39;</span> <span class='ocrx_word' id='word_1_195' title='bbox 622 3796 691 3838; x_wconf 71' lang='lat'>⁰¹²⁸</span> <span class='ocrx_word' id='word_1_196' title='bbox 720 3806 852 3876; x_wconf 89' lang='lat' dir='ltr'>tias</span> <span class='ocrx_word' id='word_1_197' title='bbox 897 3805 985 3874; x_wconf 92' lang='lat' dir='ltr'>de</span> <span class='ocrx_word' id='word_1_198' title='bbox 1029 3824 1267 3873; x_wconf 87' lang='lat' dir='ltr'>rerum</span> <span class='ocrx_word' id='word_1_199' title='bbox 1315 3804 1916 3872; x_wconf 88' lang='lat' dir='ltr'>administratione</span> <span class='ocrx_word' id='word_1_200' title='bbox 1963 3803 2352 3873; x_wconf 83' lang='lat' dir='ltr'>Stoicorum</span> <span class='ocrx_word' id='word_1_201' title='bbox 2394 3808 2463 3871; x_wconf 91' lang='lat' dir='ltr'>et</span> <span class='ocrx_word' id='word_1_202' title='bbox 2493 3803 2993 3892; x_wconf 85' lang='lat' dir='ltr'>Epicureorum</span> 
     </span>
     <span class='ocr_line' id='line_1_34' title="bbox 711 3908 2993 4000; baseline -0.003 -20"><span class='ocrx_word' id='word_1_203' title='bbox 711 3913 895 3981; x_wconf 87' lang='lat' dir='ltr'>inter</span> <span class='ocrx_word' id='word_1_204' title='bbox 938 3930 1014 3979; x_wconf 91' lang='lat' dir='ltr'>se</span> <span class='ocrx_word' id='word_1_205' title='bbox 1060 3910 1382 4000; x_wconf 91' lang='lat' dir='ltr'>opponit,</span> <span class='ocrx_word' id='word_1_206' title='bbox 1432 3929 1577 3978; x_wconf 92' lang='lat' dir='ltr'>non</span> <span class='ocrx_word' id='word_1_207' title='bbox 1630 3909 1851 3978; x_wconf 87' lang='lat' dir='ltr'>fatum</span> <span class='ocrx_word' id='word_1_208' title='bbox 1898 3913 1966 3977; x_wconf 92' lang='lat' dir='ltr'>et</span> <span class='ocrx_word' id='word_1_209' title='bbox 2011 3908 2362 3978; x_wconf 87' lang='lat' dir='ltr'>fortunam</span> <span class='ocrx_word' id='word_1_210' title='bbox 2411 3926 2993 3995; x_wconf 88' lang='lat' dir='ltr'>commemorare,</span> 
     </span>
     <span class='ocr_line' id='line_1_35' title="bbox 713 4014 2147 4104; baseline -0.002 -19"><span class='ocrx_word' id='word_1_211' title='bbox 713 4017 836 4085; x_wconf 87' lang='lat' dir='ltr'>sed</span> <span class='ocrx_word' id='word_1_212' title='bbox 883 4017 1099 4086; x_wconf 89' lang='lat' dir='ltr'>altera</span> <span class='ocrx_word' id='word_1_213' title='bbox 1145 4015 1510 4084; x_wconf 89' lang='lat' dir='ltr'>alternatio</span> <span class='ocrx_word' id='word_1_214' title='bbox 1558 4014 1658 4084; x_wconf 87' lang='lat' dir='ltr'>sic</span> <span class='ocrx_word' id='word_1_215' title='bbox 1704 4015 2147 4104; x_wconf 86' lang='lat' dir='ltr'>exprimitur:</span> 
     </span>
    </p>
   </div>
   <div class='ocr_carea' id='block_1_5' title="bbox 713 4159 1106 4168">
    <p class='ocr_par' dir='ltr' id='par_1_6' title="bbox 713 4159 1106 4168">
     <span class='ocr_line' id='line_1_36' title="bbox 713 4159 1106 4168; baseline 0 991"><span class='ocrx_word' id='word_1_216' title='bbox 713 4159 1106 4168; x_wconf 95' lang='lat' dir='ltr'> </span> 
     </span>
    </p>
   </div>
   <div class='ocr_carea' id='block_1_6' title="bbox 796 4234 2536 4409">
    <p class='ocr_par' dir='ltr' id='par_1_7' title="bbox 796 4234 2536 4409">
     <span class='ocr_line' id='line_1_37' title="bbox 798 4234 2536 4311; baseline -0.001 -14"><span class='ocrx_word' id='word_1_217' title='bbox 798 4242 858 4311; x_wconf 92' lang='lat'>1)</span> <span class='ocrx_word' id='word_1_218' title='bbox 899 4237 1102 4298; x_wconf 73' lang='lat' dir='ltr'>Pham.</span> <span class='ocrx_word' id='word_1_219' title='bbox 1143 4236 1449 4297; x_wconf 75' lang='lat' dir='ltr'>VII2107.</span> <span class='ocrx_word' id='word_1_220' title='bbox 1851 4237 1912 4309; x_wconf 81' lang='lat'>2)</span> <span class='ocrx_word' id='word_1_221' title='bbox 1952 4234 2156 4295; x_wconf 87' lang='lat' dir='ltr'>Phars.</span> <span class='ocrx_word' id='word_1_222' title='bbox 2199 4236 2375 4296; x_wconf 89' lang='lat' dir='ltr'>VIII:</span> <span class='ocrx_word' id='word_1_223' title='bbox 2404 4240 2536 4296; x_wconf 82' lang='grc'><strong>187.</strong></span> 
     </span>
     <span class='ocr_line' id='line_1_38' title="bbox 796 4331 2466 4409; baseline -0.01 -15"><span class='ocrx_word' id='word_1_224' title='bbox 796 4337 856 4409; x_wconf 88' lang='grc'>3)</span> <span class='ocrx_word' id='word_1_225' title='bbox 980 4377 1018 4408; x_wconf 83' lang='grc'>,,</span> <span class='ocrx_word' id='word_1_226' title='bbox 1146 4331 1451 4391; x_wconf 73' lang='lat' dir='ltr'>vn2487.</span> <span class='ocrx_word' id='word_1_227' title='bbox 1855 4333 1918 4404; x_wconf 85' lang='lat'>4)</span> <span class='ocrx_word' id='word_1_228' title='bbox 2038 4376 2079 4407; x_wconf 81' lang='lat'><em>„</em></span> <span class='ocrx_word' id='word_1_229' title='bbox 2208 4332 2466 4393; x_wconf 69' lang='lat'><strong>112567‚</strong></span> 
     </span>
    </p>
   </div>
  </div>
 </body>
</html>
