<?xml version="1.0" encoding="UTF-8"?>
<!DOCTYPE html PUBLIC "-//W3C//DTD XHTML 1.0 Transitional//EN"
    "http://www.w3.org/TR/xhtml1/DTD/xhtml1-transitional.dtd">
<html xmlns="http://www.w3.org/1999/xhtml" xml:lang="en" lang="en">
 <head>
  <title>
</title>
<meta http-equiv="Content-Type" content="text/html;charset=utf-8" />
  <meta name='ocr-system' content='tesseract 3.04.00' />
  <meta name='ocr-capabilities' content='ocr_page ocr_carea ocr_par ocr_line ocrx_word'/>
</head>
<body>
  <div class='ocr_page' id='page_1' title='image "./lucanisententia00millgoog_0031.png"; bbox 0 0 3434 5159; ppageno 0'>
   <div class='ocr_carea' id='block_1_1' title="bbox 1512 347 1599 413">
    <p class='ocr_par' dir='ltr' id='par_1_1' title="bbox 1512 347 1599 413">
     <span class='ocr_line' id='line_1_1' title="bbox 1512 347 1599 413; baseline 0 0"><span class='ocrx_word' id='word_1_1' title='bbox 1512 347 1599 413; x_wconf 81' lang='lat'>19</span> 
     </span>
    </p>
   </div>
   <div class='ocr_carea' id='block_1_2' title="bbox 512 564 3097 657">
    <p class='ocr_par' dir='ltr' id='par_1_2' title="bbox 512 564 3097 657">
     <span class='ocr_line' id='line_1_2' title="bbox 512 564 3097 657; baseline -0.004 -21"><span class='ocrx_word' id='word_1_2' title='bbox 512 567 793 657; x_wconf 85' lang='lat' dir='ltr'><strong>Aliquot</strong></span> <span class='ocrx_word' id='word_1_3' title='bbox 814 589 819 592; x_wconf 66' lang='grc'>’</span> <span class='ocrx_word' id='word_1_4' title='bbox 842 569 1151 637; x_wconf 90' lang='lat' dir='ltr'>versibus</span> <span class='ocrx_word' id='word_1_5' title='bbox 1197 567 1681 656; x_wconf 82' lang='lat' dir='ltr'>pulcherrimis</span> <span class='ocrx_word' id='word_1_6' title='bbox 1697 620 1716 654; x_wconf 91' lang='lat'>‚</span> <span class='ocrx_word' id='word_1_7' title='bbox 1765 585 1967 636; x_wconf 84' lang='lat' dir='ltr'>verae</span> <span class='ocrx_word' id='word_1_8' title='bbox 1997 566 2449 636; x_wconf 87' lang='lat' dir='ltr'>humanitatis</span> <span class='ocrx_word' id='word_1_9' title='bbox 2478 564 2689 633; x_wconf 86' lang='lat' dir='ltr'>refer·</span> <span class='ocrx_word' id='word_1_10' title='bbox 2716 586 2825 628; x_wconf 72' lang='lat' dir='ltr'>nam</span> <span class='ocrx_word' id='word_1_11' title='bbox 2863 587 2984 638; x_wconf 71' lang='lat' dir='ltr'>poeta</span> <span class='ocrx_word' id='word_1_12' title='bbox 3007 595 3097 637; x_wconf 62' lang='lat' dir='ltr'>m</span> 
     </span>
    </p>
   </div>
   <div class='ocr_carea' id='block_1_3' title="bbox 421 671 2708 3875">
    <p class='ocr_par' dir='ltr' id='par_1_3' title="bbox 421 671 2696 1390">
     <span class='ocr_line' id='line_1_3' title="bbox 421 671 2691 762; baseline -0.002 -23"><span class='ocrx_word' id='word_1_13' title='bbox 421 672 543 752; x_wconf 81' lang='lat' dir='ltr'>tis,</span> <span class='ocrx_word' id='word_1_14' title='bbox 600 673 1013 761; x_wconf 89' lang='lat' dir='ltr'>Pompeium</span> <span class='ocrx_word' id='word_1_15' title='bbox 1058 673 1414 741; x_wconf 71' lang='lat' dir='ltr'>Pharsalia</span> <span class='ocrx_word' id='word_1_16' title='bbox 1457 674 1772 762; x_wconf 83' lang='lat' dir='ltr'>fugatum</span> <span class='ocrx_word' id='word_1_17' title='bbox 1820 672 2184 741; x_wconf 88' lang='lat' dir='ltr'>consolans</span> <span class='ocrx_word' id='word_1_18' title='bbox 2230 671 2481 739; x_wconf 84' lang='lat' dir='ltr'>diserte</span> <span class='ocrx_word' id='word_1_19' title='bbox 2528 688 2691 737; x_wconf 90' lang='lat' dir='ltr'>eum</span> 
     </span>
     <span class='ocr_line' id='line_1_4' title="bbox 424 773 2696 866; baseline -0.002 -23"><span class='ocrx_word' id='word_1_20' title='bbox 424 778 858 858; x_wconf 81' lang='lat' dir='ltr'>adhortatur,</span> <span class='ocrx_word' id='word_1_21' title='bbox 921 785 1001 847; x_wconf 87' lang='lat' dir='ltr'>ut</span> <span class='ocrx_word' id='word_1_22' title='bbox 1060 779 1563 866; x_wconf 85' lang='lat' dir='ltr'>providentiae,</span> <span class='ocrx_word' id='word_1_23' title='bbox 1620 778 1857 846; x_wconf 89' lang='lat' dir='ltr'>omnia</span> <span class='ocrx_word' id='word_1_24' title='bbox 1902 778 2083 845; x_wconf 90' lang='lat' dir='ltr'>bene</span> <span class='ocrx_word' id='word_1_25' title='bbox 2129 778 2457 861; x_wconf 72' lang='lat' dir='ltr'>vertenti,</span> <span class='ocrx_word' id='word_1_26' title='bbox 2505 773 2696 841; x_wconf 87' lang='lat' dir='ltr'>fidat.</span> 
     </span>
     <span class='ocr_line' id='line_1_5' title="bbox 650 880 2416 973; baseline -0.011 -5"><span class='ocrx_word' id='word_1_27' title='bbox 650 882 1046 970; x_wconf 76' lang='lat' dir='ltr'>„Quidquid</span> <span class='ocrx_word' id='word_1_28' title='bbox 1093 884 1168 950; x_wconf 94' lang='lat' dir='ltr'>in</span> <span class='ocrx_word' id='word_1_29' title='bbox 1213 883 1465 973; x_wconf 84' lang='lat' dir='ltr'>ignotis</span> <span class='ocrx_word' id='word_1_30' title='bbox 1510 883 1698 953; x_wconf 90' lang='lat' dir='ltr'>solus</span> <span class='ocrx_word' id='word_1_31' title='bbox 1744 882 2143 972; x_wconf 82' lang='lat' dir='ltr'>regionibus</span> <span class='ocrx_word' id='word_1_32' title='bbox 2189 880 2416 966; x_wconf 85' lang='lat' dir='ltr'>exsul,</span> 
     </span>
     <span class='ocr_line' id='line_1_6' title="bbox 646 987 2452 1076; baseline -0.001 -23"><span class='ocrx_word' id='word_1_33' title='bbox 646 987 982 1075; x_wconf 85' lang='lat' dir='ltr'>quidquid</span> <span class='ocrx_word' id='word_1_34' title='bbox 1027 988 1157 1057; x_wconf 93' lang='lat' dir='ltr'>sub</span> <span class='ocrx_word' id='word_1_35' title='bbox 1203 987 1455 1055; x_wconf 90' lang='lat' dir='ltr'>Phario</span> <span class='ocrx_word' id='word_1_36' title='bbox 1501 990 1767 1076; x_wconf 90' lang='lat' dir='ltr'>positus</span> <span class='ocrx_word' id='word_1_37' title='bbox 1813 988 2074 1076; x_wconf 87' lang='lat' dir='ltr'>patiere</span> <span class='ocrx_word' id='word_1_38' title='bbox 2118 992 2416 1075; x_wconf 75' lang='lat' dir='ltr'>tyranno</span> <span class='ocrx_word' id='word_1_39' title='bbox 2435 1038 2452 1070; x_wconf 86' lang='lat'>‚</span> 
     </span>
     <span class='ocr_line' id='line_1_7' title="bbox 651 1091 2436 1181; baseline 0.001 -24"><span class='ocrx_word' id='word_1_40' title='bbox 651 1110 725 1157; x_wconf 92' lang='lat' dir='ltr'>c1</span> <span class='ocrx_word' id='word_1_41' title='bbox 748 1091 892 1159; x_wconf 92' lang='lat' dir='ltr'>ede</span> <span class='ocrx_word' id='word_1_42' title='bbox 940 1092 1149 1179; x_wconf 82' lang='lat' dir='ltr'>deiS,</span> <span class='ocrx_word' id='word_1_43' title='bbox 1196 1092 1402 1181; x_wconf 85' lang='lat' dir='ltr'>longo</span> <span class='ocrx_word' id='word_1_44' title='bbox 1450 1092 1807 1162; x_wconf 86' lang='lat' dir='ltr'>fatorum</span> <span class='ocrx_word' id='word_1_45' title='bbox 1855 1094 2093 1160; x_wconf 91' lang='lat' dir='ltr'>crede</span> <span class='ocrx_word' id='word_1_46' title='bbox 2139 1092 2436 1175; x_wconf 84' lang='lat' dir='ltr'>favori,</span> 
     </span>
     <span class='ocr_line' id='line_1_8' title="bbox 649 1196 2402 1285; baseline 0.001 -23"><span class='ocrx_word' id='word_1_47' title='bbox 649 1196 927 1264; x_wconf 87' lang='lat' dir='ltr'>vincere</span> <span class='ocrx_word' id='word_1_48' title='bbox 971 1198 1171 1285; x_wconf 90' lang='lat' dir='ltr'>peius</span> <span class='ocrx_word' id='word_1_49' title='bbox 1217 1202 1384 1265; x_wconf 90' lang='lat' dir='ltr'>erat.</span> <span class='ocrx_word' id='word_1_50' title='bbox 1429 1198 1723 1285; x_wconf 89' lang='lat' dir='ltr'>prohibe</span> <span class='ocrx_word' id='word_1_51' title='bbox 1767 1198 2074 1265; x_wconf 90' lang='lat' dir='ltr'>lamenta</span> <span class='ocrx_word' id='word_1_52' title='bbox 2118 1213 2366 1265; x_wconf 90' lang='lat' dir='ltr'>sonare</span> <span class='ocrx_word' id='word_1_53' title='bbox 2383 1248 2402 1282; x_wconf 93' lang='lat'>,</span> 
     </span>
     <span class='ocr_line' id='line_1_9' title="bbox 653 1296 2653 1390; baseline 0 -24"><span class='ocrx_word' id='word_1_54' title='bbox 653 1299 818 1368; x_wconf 90' lang='lat' dir='ltr'>flere</span> <span class='ocrx_word' id='word_1_55' title='bbox 865 1307 1022 1369; x_wconf 87' lang='lat' dir='ltr'>veta</span> <span class='ocrx_word' id='word_1_56' title='bbox 1065 1301 1393 1390; x_wconf 81' lang='lat' dir='ltr'>populoS,</span> <span class='ocrx_word' id='word_1_57' title='bbox 1440 1302 1764 1371; x_wconf 86' lang='lat' dir='ltr'>lacrimas</span> <span class='ocrx_word' id='word_1_58' title='bbox 1808 1302 2175 1390; x_wconf 84' lang='lat' dir='ltr'>luctusque</span> <span class='ocrx_word' id='word_1_59' title='bbox 2219 1300 2558 1369; x_wconf 88' lang='lat' dir='ltr'>remitte.”</span> <span class='ocrx_word' id='word_1_60' title='bbox 2597 1296 2653 1385; x_wconf 86' lang='lat'>¹)</span> 
     </span>
    </p>

    <p class='ocr_par' dir='ltr' id='par_1_4' title="bbox 431 1403 2704 1701">
     <span class='ocr_line' id='line_1_10' title="bbox 516 1403 2701 1495; baseline -0.001 -24"><span class='ocrx_word' id='word_1_61' title='bbox 516 1403 724 1471; x_wconf 85' lang='lat' dir='ltr'>Putat</span> <span class='ocrx_word' id='word_1_62' title='bbox 784 1406 995 1493; x_wconf 83' lang='lat' dir='ltr'>igitur</span> <span class='ocrx_word' id='word_1_63' title='bbox 1059 1406 1222 1473; x_wconf 92' lang='lat' dir='ltr'>deos</span> <span class='ocrx_word' id='word_1_64' title='bbox 1267 1406 1682 1495; x_wconf 90' lang='lat' dir='ltr'>Pompeium</span> <span class='ocrx_word' id='word_1_65' title='bbox 1730 1405 2126 1492; x_wconf 88' lang='lat' dir='ltr'>defendere,</span> <span class='ocrx_word' id='word_1_66' title='bbox 2174 1406 2294 1473; x_wconf 89' lang='lat' dir='ltr'>sed</span> <span class='ocrx_word' id='word_1_67' title='bbox 2342 1404 2701 1490; x_wconf 91' lang='lat' dir='ltr'>haudqua-</span> 
     </span>
     <span class='ocr_line' id='line_1_11' title="bbox 431 1508 2704 1598; baseline -0.001 -21"><span class='ocrx_word' id='word_1_68' title='bbox 431 1528 642 1596; x_wconf 84' lang='lat' dir='ltr'>quam</span> <span class='ocrx_word' id='word_1_69' title='bbox 712 1508 1024 1577; x_wconf 71' lang='lat' dir='ltr'>&#39;affirmat</span> <span class='ocrx_word' id='word_1_70' title='bbox 1100 1530 1218 1579; x_wconf 89' lang='lat' dir='ltr'>eos</span> <span class='ocrx_word' id='word_1_71' title='bbox 1304 1531 1548 1580; x_wconf 91' lang='lat' dir='ltr'>curare</span> <span class='ocrx_word' id='word_1_72' title='bbox 1616 1531 1862 1579; x_wconf 92' lang='lat' dir='ltr'>omnes</span> <span class='ocrx_word' id='word_1_73' title='bbox 1930 1511 2280 1598; x_wconf 85' lang='lat' dir='ltr'>homines,</span> <span class='ocrx_word' id='word_1_74' title='bbox 2350 1528 2529 1596; x_wconf 88' lang='lat' dir='ltr'>quae</span> <span class='ocrx_word' id='word_1_75' title='bbox 2601 1514 2704 1574; x_wconf 92' lang='lat' dir='ltr'>est</span> 
     </span>
     <span class='ocr_line' id='line_1_12' title="bbox 432 1614 1095 1701; baseline 0.006 -22"><span class='ocrx_word' id='word_1_76' title='bbox 432 1633 595 1681; x_wconf 90' lang='lat' dir='ltr'>vera</span> <span class='ocrx_word' id='word_1_77' title='bbox 638 1614 1095 1701; x_wconf 88' lang='lat' dir='ltr'>providentia.</span> 
     </span>
    </p>

    <p class='ocr_par' dir='ltr' id='par_1_5' title="bbox 431 1718 2706 2327">
     <span class='ocr_line' id='line_1_13' title="bbox 521 1718 2705 1808; baseline -0 -22"><span class='ocrx_word' id='word_1_78' title='bbox 521 1718 623 1787; x_wconf 92' lang='lat' dir='ltr'>De</span> <span class='ocrx_word' id='word_1_79' title='bbox 692 1739 859 1808; x_wconf 86' lang='lat' dir='ltr'>saga</span> <span class='ocrx_word' id='word_1_80' title='bbox 925 1719 1254 1788; x_wconf 90' lang='lat' dir='ltr'>Thessala</span> <span class='ocrx_word' id='word_1_81' title='bbox 1317 1726 1578 1807; x_wconf 89' lang='lat' dir='ltr'>autem,</span> <span class='ocrx_word' id='word_1_82' title='bbox 1644 1721 1868 1789; x_wconf 92' lang='lat' dir='ltr'>multa</span> <span class='ocrx_word' id='word_1_83' title='bbox 1914 1721 2092 1788; x_wconf 90' lang='lat' dir='ltr'>mira</span> <span class='ocrx_word' id='word_1_84' title='bbox 2141 1739 2367 1808; x_wconf 90' lang='lat' dir='ltr'>neque</span> <span class='ocrx_word' id='word_1_85' title='bbox 2412 1724 2705 1787; x_wconf 85' lang='lat' dir='ltr'>venusta</span> 
     </span>
     <span class='ocr_line' id='line_1_14' title="bbox 433 1823 2704 1914; baseline -0 -24"><span class='ocrx_word' id='word_1_86' title='bbox 433 1823 778 1891; x_wconf 89' lang='lat' dir='ltr'>disserens</span> <span class='ocrx_word' id='word_1_87' title='bbox 799 1876 815 1909; x_wconf 91' lang='lat'>‚</span> <span class='ocrx_word' id='word_1_88' title='bbox 879 1824 1046 1891; x_wconf 91' lang='lat' dir='ltr'>dicit</span> <span class='ocrx_word' id='word_1_89' title='bbox 1108 1825 1258 1894; x_wconf 92' lang='lat' dir='ltr'>eius</span> <span class='ocrx_word' id='word_1_90' title='bbox 1312 1825 1526 1893; x_wconf 87' lang='lat' dir='ltr'>verba</span> <span class='ocrx_word' id='word_1_91' title='bbox 1588 1827 1909 1914; x_wconf 82' lang='lat' dir='ltr'>cogentia</span> <span class='ocrx_word' id='word_1_92' title='bbox 1955 1824 2042 1892; x_wconf 91' lang='lat' dir='ltr'>ad</span> <span class='ocrx_word' id='word_1_93' title='bbox 2088 1844 2354 1894; x_wconf 93' lang='lat' dir='ltr'>numen</span> <span class='ocrx_word' id='word_1_94' title='bbox 2403 1823 2704 1891; x_wconf 88' lang='lat' dir='ltr'>invitum</span> 
     </span>
     <span class='ocr_line' id='line_1_15' title="bbox 431 1928 2706 2017; baseline -0.001 -23"><span class='ocrx_word' id='word_1_95' title='bbox 431 1932 793 2015; x_wconf 87' lang='lat' dir='ltr'>penetrare</span> <span class='ocrx_word' id='word_1_96' title='bbox 812 1981 828 2014; x_wconf 92' lang='lat'>‚</span> <span class='ocrx_word' id='word_1_97' title='bbox 877 1929 1109 2016; x_wconf 87' lang='lat' dir='ltr'>„quod</span> <span class='ocrx_word' id='word_1_98' title='bbox 1149 1948 1290 1997; x_wconf 92' lang='lat' dir='ltr'>non</span> <span class='ocrx_word' id='word_1_99' title='bbox 1326 1949 1492 1997; x_wconf 88' lang='lat' dir='ltr'>cura</span> <span class='ocrx_word' id='word_1_100' title='bbox 1522 1929 1666 2017; x_wconf 90' lang='lat' dir='ltr'>poli</span> <span class='ocrx_word' id='word_1_101' title='bbox 1697 1929 2008 2017; x_wconf 88' lang='lat' dir='ltr'>caelique</span> <span class='ocrx_word' id='word_1_102' title='bbox 2038 1928 2359 1997; x_wconf 86' lang='lat' dir='ltr'>volubilis</span> <span class='ocrx_word' id='word_1_103' title='bbox 2390 1946 2706 2014; x_wconf 90' lang='lat' dir='ltr'>unquam</span> 
     </span>
     <span class='ocr_line' id='line_1_16' title="bbox 434 2031 2704 2121; baseline 0 -23"><span class='ocrx_word' id='word_1_104' title='bbox 434 2032 739 2099; x_wconf 88' lang='lat' dir='ltr'>avocat.”</span> <span class='ocrx_word' id='word_1_105' title='bbox 772 2031 832 2120; x_wconf 75' lang='grc'>2&gt;</span> <span class='ocrx_word' id='word_1_106' title='bbox 925 2031 1089 2100; x_wconf 88' lang='lat' dir='ltr'>Deis</span> <span class='ocrx_word' id='word_1_107' title='bbox 1149 2034 1361 2121; x_wconf 81' lang='lat' dir='ltr'>igitur</span> <span class='ocrx_word' id='word_1_108' title='bbox 1424 2053 1664 2102; x_wconf 91' lang='lat' dir='ltr'>curam</span> <span class='ocrx_word' id='word_1_109' title='bbox 1731 2033 1906 2101; x_wconf 89' lang='lat' dir='ltr'>coeli</span> <span class='ocrx_word' id='word_1_110' title='bbox 1963 2034 2239 2102; x_wconf 82' lang='lat' dir='ltr'>tribuit:</span> <span class='ocrx_word' id='word_1_111' title='bbox 2303 2033 2425 2100; x_wconf 92' lang='lat' dir='ltr'>sed</span> <span class='ocrx_word' id='word_1_112' title='bbox 2472 2033 2704 2099; x_wconf 89' lang='lat' dir='ltr'>statim</span> 
     </span>
     <span class='ocr_line' id='line_1_17' title="bbox 433 2136 2706 2227; baseline 0 -25"><span class='ocrx_word' id='word_1_113' title='bbox 433 2136 624 2203; x_wconf 85' lang='lat' dir='ltr'>addit</span> <span class='ocrx_word' id='word_1_114' title='bbox 682 2154 925 2223; x_wconf 88' lang='lat' dir='ltr'>preces</span> <span class='ocrx_word' id='word_1_115' title='bbox 991 2138 1454 2225; x_wconf 89' lang='lat' dir='ltr'>pessimarum</span> <span class='ocrx_word' id='word_1_116' title='bbox 1522 2157 1847 2227; x_wconf 84' lang='lat' dir='ltr'>sagarum</span> <span class='ocrx_word' id='word_1_117' title='bbox 1917 2157 2034 2205; x_wconf 93' lang='lat' dir='ltr'>eos</span> <span class='ocrx_word' id='word_1_118' title='bbox 2105 2138 2425 2205; x_wconf 85' lang='lat' dir='ltr'>avocare!</span> <span class='ocrx_word' id='word_1_119' title='bbox 2517 2137 2706 2204; x_wconf 86' lang='lat' dir='ltr'>Bene</span> 
     </span>
     <span class='ocr_line' id='line_1_18' title="bbox 435 2241 931 2327; baseline 0.006 -20"><span class='ocrx_word' id='word_1_120' title='bbox 435 2241 691 2310; x_wconf 88' lang='lat' dir='ltr'>curatis</span> <span class='ocrx_word' id='word_1_121' title='bbox 711 2294 729 2327; x_wconf 90' lang='lat'>,</span> <span class='ocrx_word' id='word_1_122' title='bbox 780 2241 931 2310; x_wconf 86' lang='lat' dir='ltr'>deil</span> 
     </span>
    </p>

    <p class='ocr_par' dir='ltr' id='par_1_6' title="bbox 433 2344 2708 3269">
     <span class='ocr_line' id='line_1_19' title="bbox 524 2344 2707 2435; baseline -0.001 -22"><span class='ocrx_word' id='word_1_123' title='bbox 524 2345 907 2413; x_wconf 89' lang='lat' dir='ltr'>Miserabili</span> <span class='ocrx_word' id='word_1_124' title='bbox 967 2345 1129 2435; x_wconf 86' lang='lat' dir='ltr'>fuga</span> <span class='ocrx_word' id='word_1_125' title='bbox 1189 2345 1505 2435; x_wconf 90' lang='lat' dir='ltr'>Pompeii</span> <span class='ocrx_word' id='word_1_126' title='bbox 1569 2366 1654 2414; x_wconf 85' lang='lat' dir='ltr'>ex</span> <span class='ocrx_word' id='word_1_127' title='bbox 1714 2346 1913 2414; x_wconf 88' lang='lat' dir='ltr'>Italia</span> <span class='ocrx_word' id='word_1_128' title='bbox 1973 2352 2287 2432; x_wconf 86' lang='lat' dir='ltr'>narrata,</span> <span class='ocrx_word' id='word_1_129' title='bbox 2352 2344 2707 2413; x_wconf 88' lang='lat' dir='ltr'>nonnullis</span> 
     </span>
     <span class='ocr_line' id='line_1_20' title="bbox 433 2450 2707 2539; baseline 0 -23"><span class='ocrx_word' id='word_1_130' title='bbox 433 2450 918 2537; x_wconf 90' lang='lat' dir='ltr'>pulcherrimis</span> <span class='ocrx_word' id='word_1_131' title='bbox 980 2450 1295 2520; x_wconf 88' lang='lat' dir='ltr'>versibus</span> <span class='ocrx_word' id='word_1_132' title='bbox 1341 2456 1683 2519; x_wconf 83' lang='lat' dir='ltr'>asseverat</span> <span class='ocrx_word' id='word_1_133' title='bbox 1731 2457 1970 2539; x_wconf 86' lang='lat' dir='ltr'>poeta,</span> <span class='ocrx_word' id='word_1_134' title='bbox 2026 2452 2191 2519; x_wconf 92' lang='lat' dir='ltr'>deos</span> <span class='ocrx_word' id='word_1_135' title='bbox 2238 2469 2382 2517; x_wconf 93' lang='lat' dir='ltr'>non</span> <span class='ocrx_word' id='word_1_136' title='bbox 2428 2450 2585 2517; x_wconf 91' lang='lat' dir='ltr'>odio</span> <span class='ocrx_word' id='word_1_137' title='bbox 2630 2450 2707 2517; x_wconf 93' lang='lat' dir='ltr'>in</span> 
     </span>
     <span class='ocr_line' id='line_1_21' title="bbox 433 2553 2707 2643; baseline 0.001 -24"><span class='ocrx_word' id='word_1_138' title='bbox 433 2553 841 2643; x_wconf 91' lang='lat' dir='ltr'>Pompeium</span> <span class='ocrx_word' id='word_1_139' title='bbox 862 2609 878 2642; x_wconf 90' lang='lat'>‚</span> <span class='ocrx_word' id='word_1_140' title='bbox 944 2555 1067 2623; x_wconf 91' lang='lat' dir='ltr'>sed</span> <span class='ocrx_word' id='word_1_141' title='bbox 1111 2556 1354 2623; x_wconf 87' lang='lat' dir='ltr'>Italiae</span> <span class='ocrx_word' id='word_1_142' title='bbox 1399 2556 1874 2624; x_wconf 89' lang='lat' dir='ltr'>misericordia</span> <span class='ocrx_word' id='word_1_143' title='bbox 1920 2560 2300 2623; x_wconf 88' lang='lat' dir='ltr'>commotos</span> <span class='ocrx_word' id='word_1_144' title='bbox 2320 2608 2337 2640; x_wconf 93' lang='lat'>‚</span> <span class='ocrx_word' id='word_1_145' title='bbox 2384 2555 2707 2623; x_wconf 88' lang='lat' dir='ltr'>statuisse</span> 
     </span>
     <span class='ocr_line' id='line_1_22' title="bbox 436 2659 2707 2749; baseline 0 -22"><span class='ocrx_word' id='word_1_146' title='bbox 436 2664 512 2732; x_wconf 88' lang='lat' dir='ltr'>ut</span> <span class='ocrx_word' id='word_1_147' title='bbox 556 2660 800 2748; x_wconf 89' lang='lat' dir='ltr'>procul</span> <span class='ocrx_word' id='word_1_148' title='bbox 847 2680 888 2727; x_wconf 92' lang='lat' dir='ltr'>a</span> <span class='ocrx_word' id='word_1_149' title='bbox 932 2662 1192 2749; x_wconf 89' lang='lat' dir='ltr'>patria,</span> <span class='ocrx_word' id='word_1_150' title='bbox 1239 2661 1316 2727; x_wconf 92' lang='lat' dir='ltr'>in</span> <span class='ocrx_word' id='word_1_151' title='bbox 1363 2662 1565 2728; x_wconf 88' lang='lat' dir='ltr'>terris</span> <span class='ocrx_word' id='word_1_152' title='bbox 1610 2662 1897 2728; x_wconf 91' lang='lat' dir='ltr'>remotis</span> <span class='ocrx_word' id='word_1_153' title='bbox 1928 2661 2137 2728; x_wconf 92' lang='lat' dir='ltr'>homo</span> <span class='ocrx_word' id='word_1_154' title='bbox 2169 2666 2316 2728; x_wconf 83' lang='lat' dir='ltr'>tam</span> <span class='ocrx_word' id='word_1_155' title='bbox 2344 2659 2707 2749; x_wconf 85' lang='lat' dir='ltr'>religiosus</span> 
     </span>
     <span class='ocr_line' id='line_1_23' title="bbox 436 2763 2708 2853; baseline 0.001 -24"><span class='ocrx_word' id='word_1_156' title='bbox 436 2764 847 2851; x_wconf 90' lang='lat' dir='ltr'>sepeliretur</span> <span class='ocrx_word' id='word_1_157' title='bbox 865 2819 882 2852; x_wconf 88' lang='lat'>,</span> <span class='ocrx_word' id='word_1_158' title='bbox 947 2785 1036 2833; x_wconf 90' lang='lat' dir='ltr'>ne</span> <span class='ocrx_word' id='word_1_159' title='bbox 1082 2763 1283 2832; x_wconf 89' lang='lat' dir='ltr'>Italia</span> <span class='ocrx_word' id='word_1_160' title='bbox 1329 2766 1591 2833; x_wconf 92' lang='lat' dir='ltr'>scilicet</span> <span class='ocrx_word' id='word_1_161' title='bbox 1637 2766 1788 2834; x_wconf 90' lang='lat' dir='ltr'>eius</span> <span class='ocrx_word' id='word_1_162' title='bbox 1834 2766 2174 2853; x_wconf 85' lang='lat' dir='ltr'>sanguine</span> <span class='ocrx_word' id='word_1_163' title='bbox 2220 2764 2708 2834; x_wconf 90' lang='lat' dir='ltr'>macularetur.</span> 
     </span>
     <span class='ocr_line' id='line_1_24' title="bbox 437 2867 2707 2958; baseline 0.001 -24"><span class='ocrx_word' id='word_1_164' title='bbox 437 2867 678 2937; x_wconf 86' lang='lat' dir='ltr'>Tristis</span> <span class='ocrx_word' id='word_1_165' title='bbox 723 2870 1192 2957; x_wconf 87' lang='lat' dir='ltr'>providentia,</span> <span class='ocrx_word' id='word_1_166' title='bbox 1241 2870 1579 2957; x_wconf 85' lang='lat' dir='ltr'>profecto!</span> <span class='ocrx_word' id='word_1_167' title='bbox 1645 2869 1783 2937; x_wconf 87' lang='lat' dir='ltr'>Sed</span> <span class='ocrx_word' id='word_1_168' title='bbox 1831 2874 1934 2937; x_wconf 88' lang='lat' dir='ltr'>est</span> <span class='ocrx_word' id='word_1_169' title='bbox 1979 2869 2431 2958; x_wconf 89' lang='lat' dir='ltr'>providentia.</span> <span class='ocrx_word' id='word_1_170' title='bbox 2486 2869 2707 2957; x_wconf 82' lang='lat' dir='ltr'>Magis</span> 
     </span>
     <span class='ocr_line' id='line_1_25' title="bbox 439 2972 2706 3062; baseline 0.001 -25"><span class='ocrx_word' id='word_1_171' title='bbox 439 2978 672 3040; x_wconf 91' lang='lat' dir='ltr'>autem</span> <span class='ocrx_word' id='word_1_172' title='bbox 717 2973 850 3041; x_wconf 96' lang='lat' dir='ltr'>hoc</span> <span class='ocrx_word' id='word_1_173' title='bbox 893 2974 1044 3041; x_wconf 92' lang='lat' dir='ltr'>loco</span> <span class='ocrx_word' id='word_1_174' title='bbox 1091 2978 1295 3061; x_wconf 81' lang='lat' dir='ltr'>poeta</span> <span class='ocrx_word' id='word_1_175' title='bbox 1339 2974 1414 3041; x_wconf 92' lang='lat' dir='ltr'>in</span> <span class='ocrx_word' id='word_1_176' title='bbox 1463 2974 1697 3041; x_wconf 92' lang='lat' dir='ltr'>animo</span> <span class='ocrx_word' id='word_1_177' title='bbox 1745 2973 1954 3041; x_wconf 88' lang='lat' dir='ltr'>habet</span> <span class='ocrx_word' id='word_1_178' title='bbox 2000 2972 2389 3062; x_wconf 83' lang='lat' dir='ltr'>significare</span> <span class='ocrx_word' id='word_1_179' title='bbox 2431 2993 2706 3042; x_wconf 89' lang='lat' dir='ltr'>aerum-</span> 
     </span>
     <span class='ocr_line' id='line_1_26' title="bbox 437 3076 2705 3165; baseline 0.001 -23"><span class='ocrx_word' id='word_1_180' title='bbox 437 3094 565 3143; x_wconf 91' lang='lat' dir='ltr'>nas</span> <span class='ocrx_word' id='word_1_181' title='bbox 610 3076 927 3164; x_wconf 89' lang='lat' dir='ltr'>Pompeii</span> <span class='ocrx_word' id='word_1_182' title='bbox 972 3082 1039 3144; x_wconf 90' lang='lat' dir='ltr'>et</span> <span class='ocrx_word' id='word_1_183' title='bbox 1085 3077 1602 3145; x_wconf 90' lang='lat' dir='ltr'>miserationem</span> <span class='ocrx_word' id='word_1_184' title='bbox 1648 3076 1924 3145; x_wconf 89' lang='lat' dir='ltr'>lectoris</span> <span class='ocrx_word' id='word_1_185' title='bbox 1971 3096 2441 3163; x_wconf 86' lang='lat' dir='ltr'>commovere,</span> <span class='ocrx_word' id='word_1_186' title='bbox 2492 3097 2705 3165; x_wconf 89' lang='lat' dir='ltr'>quam</span> 
     </span>
     <span class='ocr_line' id='line_1_27' title="bbox 439 3176 1826 3269; baseline 0.004 -26"><span class='ocrx_word' id='word_1_187' title='bbox 439 3176 727 3248; x_wconf 88' lang='lat' dir='ltr'>deorum</span> <span class='ocrx_word' id='word_1_188' title='bbox 773 3199 1014 3249; x_wconf 89' lang='lat' dir='ltr'>curam</span> <span class='ocrx_word' id='word_1_189' title='bbox 1061 3181 1136 3248; x_wconf 93' lang='lat' dir='ltr'>in</span> <span class='ocrx_word' id='word_1_190' title='bbox 1182 3181 1338 3249; x_wconf 91' lang='lat' dir='ltr'>luce</span> <span class='ocrx_word' id='word_1_191' title='bbox 1386 3181 1743 3249; x_wconf 90' lang='lat' dir='ltr'>collocare.</span> <span class='ocrx_word' id='word_1_192' title='bbox 1768 3179 1826 3269; x_wconf 79' lang='lat'>3)</span> 
     </span>
    </p>

    <p class='ocr_par' dir='ltr' id='par_1_7' title="bbox 438 3282 2706 3477">
     <span class='ocr_line' id='line_1_28' title="bbox 528 3282 2706 3354; baseline 0 -3"><span class='ocrx_word' id='word_1_193' title='bbox 528 3282 897 3353; x_wconf 92' lang='lat' dir='ltr'>Nonnullis</span> <span class='ocrx_word' id='word_1_194' title='bbox 966 3284 1117 3352; x_wconf 92' lang='lat' dir='ltr'>aliis</span> <span class='ocrx_word' id='word_1_195' title='bbox 1190 3283 1358 3353; x_wconf 87' lang='lat' dir='ltr'>locis</span> <span class='ocrx_word' id='word_1_196' title='bbox 1420 3290 1490 3352; x_wconf 87' lang='lat' dir='ltr'>et</span> <span class='ocrx_word' id='word_1_197' title='bbox 1549 3284 1804 3353; x_wconf 88' lang='lat' dir='ltr'>Caesar</span> <span class='ocrx_word' id='word_1_198' title='bbox 1865 3288 1933 3351; x_wconf 93' lang='lat' dir='ltr'>et</span> <span class='ocrx_word' id='word_1_199' title='bbox 1995 3283 2236 3352; x_wconf 86' lang='lat' dir='ltr'>Cicero</span> <span class='ocrx_word' id='word_1_200' title='bbox 2298 3289 2521 3351; x_wconf 87' lang='lat' dir='ltr'>castra</span> <span class='ocrx_word' id='word_1_201' title='bbox 2578 3304 2706 3354; x_wconf 91' lang='lat' dir='ltr'>sua</span> 
     </span>
     <span class='ocr_line' id='line_1_29' title="bbox 438 3384 2477 3477; baseline 0.001 -25"><span class='ocrx_word' id='word_1_202' title='bbox 438 3384 584 3454; x_wconf 92' lang='lat' dir='ltr'>deis</span> <span class='ocrx_word' id='word_1_203' title='bbox 634 3387 825 3455; x_wconf 90' lang='lat' dir='ltr'>cordi</span> <span class='ocrx_word' id='word_1_204' title='bbox 871 3409 1022 3457; x_wconf 91' lang='lat' dir='ltr'>esse</span> <span class='ocrx_word' id='word_1_205' title='bbox 1069 3387 1452 3477; x_wconf 84' lang='lat' dir='ltr'>affirmant,</span> <span class='ocrx_word' id='word_1_206' title='bbox 1503 3389 1756 3458; x_wconf 84' lang='lat' dir='ltr'>Caesar</span> <span class='ocrx_word' id='word_1_207' title='bbox 1801 3408 2057 3476; x_wconf 89' lang='lat' dir='ltr'>nempe</span> <span class='ocrx_word' id='word_1_208' title='bbox 2103 3388 2477 3456; x_wconf 87' lang='lat' dir='ltr'>exclamat:</span> 
     </span>
    </p>

    <p class='ocr_par' dir='ltr' id='par_1_8' title="bbox 436 3491 2482 3875">
     <span class='ocr_line' id='line_1_30' title="bbox 1733 3491 2482 3580; baseline -0.001 -20"><span class='ocrx_word' id='word_1_209' title='bbox 1733 3491 1959 3579; x_wconf 86' lang='lat' dir='ltr'>„Sunt</span> <span class='ocrx_word' id='word_1_210' title='bbox 2000 3491 2136 3560; x_wconf 79' lang='lat' dir='ltr'>ista</span> <span class='ocrx_word' id='word_1_211' title='bbox 2178 3492 2482 3580; x_wconf 87' lang='lat' dir='ltr'>profecto</span> 
     </span>
     <span class='ocr_line' id='line_1_31' title="bbox 704 3597 2472 3686; baseline -0.001 -22"><span class='ocrx_word' id='word_1_212' title='bbox 704 3616 912 3665; x_wconf 89' lang='lat' dir='ltr'>curae</span> <span class='ocrx_word' id='word_1_213' title='bbox 957 3602 1182 3665; x_wconf 89' lang='lat' dir='ltr'>castra</span> <span class='ocrx_word' id='word_1_214' title='bbox 1227 3597 1408 3683; x_wconf 90' lang='lat' dir='ltr'>deis,</span> <span class='ocrx_word' id='word_1_215' title='bbox 1457 3598 1578 3686; x_wconf 89' lang='lat' dir='ltr'>qui</span> <span class='ocrx_word' id='word_1_216' title='bbox 1623 3618 1738 3666; x_wconf 93' lang='lat' dir='ltr'>me</span> <span class='ocrx_word' id='word_1_217' title='bbox 1786 3598 2217 3666; x_wconf 84' lang='lat' dir='ltr'>committere</span> <span class='ocrx_word' id='word_1_218' title='bbox 2264 3597 2472 3663; x_wconf 86' lang='lat' dir='ltr'>tantis</span> 
     </span>
     <span class='ocr_line' id='line_1_32' title="bbox 702 3701 2425 3788; baseline 0.001 -21"><span class='ocrx_word' id='word_1_219' title='bbox 702 3721 847 3768; x_wconf 92' lang='lat' dir='ltr'>non</span> <span class='ocrx_word' id='word_1_220' title='bbox 893 3702 1031 3769; x_wconf 90' lang='lat' dir='ltr'>nisi</span> <span class='ocrx_word' id='word_1_221' title='bbox 1074 3707 1340 3771; x_wconf 89' lang='lat' dir='ltr'>mutato</span> <span class='ocrx_word' id='word_1_222' title='bbox 1387 3702 1754 3772; x_wconf 83' lang='lat' dir='ltr'>voluerunt</span> <span class='ocrx_word' id='word_1_223' title='bbox 1802 3701 2022 3770; x_wconf 90' lang='lat' dir='ltr'>milite</span> <span class='ocrx_word' id='word_1_224' title='bbox 2069 3701 2333 3769; x_wconf 90' lang='lat' dir='ltr'>bellis.”</span> <span class='ocrx_word' id='word_1_225' title='bbox 2366 3701 2425 3788; x_wconf 79' lang='lat'>4)</span> 
     </span>
     <span class='ocr_line' id='line_1_33' title="bbox 436 3804 1898 3875; baseline 0.002 -4"><span class='ocrx_word' id='word_1_226' title='bbox 436 3810 503 3872; x_wconf 90' lang='lat' dir='ltr'>et</span> <span class='ocrx_word' id='word_1_227' title='bbox 550 3811 709 3873; x_wconf 81' lang='lat' dir='ltr'>ante</span> <span class='ocrx_word' id='word_1_228' title='bbox 755 3804 1186 3874; x_wconf 90' lang='lat' dir='ltr'>Pharsaliam</span> <span class='ocrx_word' id='word_1_229' title='bbox 1233 3807 1396 3875; x_wconf 91' lang='lat' dir='ltr'>deos</span> <span class='ocrx_word' id='word_1_230' title='bbox 1442 3808 1543 3875; x_wconf 90' lang='lat' dir='ltr'>sic</span> <span class='ocrx_word' id='word_1_231' title='bbox 1587 3808 1898 3875; x_wconf 87' lang='lat' dir='ltr'>invocat:</span> 
     </span>
    </p>
   </div>
   <div class='ocr_carea' id='block_1_4' title="bbox 441 3964 832 3973">
    <p class='ocr_par' dir='ltr' id='par_1_9' title="bbox 441 3964 832 3973">
     <span class='ocr_line' id='line_1_34' title="bbox 441 3964 832 3973; baseline 0 1186"><span class='ocrx_word' id='word_1_232' title='bbox 441 3964 832 3973; x_wconf 95' lang='lat' dir='ltr'> </span> 
     </span>
    </p>
   </div>
   <div class='ocr_carea' id='block_1_5' title="bbox 514 4047 2097 4408">
    <p class='ocr_par' dir='ltr' id='par_1_10' title="bbox 515 4047 1284 4120">
     <span class='ocr_line' id='line_1_35' title="bbox 515 4047 1284 4120; baseline -0.005 -14"><span class='ocrx_word' id='word_1_233' title='bbox 515 4050 574 4120; x_wconf 84' lang='lat'>1)</span> <span class='ocrx_word' id='word_1_234' title='bbox 613 4047 814 4106; x_wconf 84' lang='lat' dir='ltr'>Phars.</span> <span class='ocrx_word' id='word_1_235' title='bbox 856 4047 1284 4106; x_wconf 76' lang='lat' dir='ltr'>V112703—7.</span> 
     </span>
    </p>

    <p class='ocr_par' dir='ltr' id='par_1_11' title="bbox 514 4137 2097 4311">
     <span class='ocr_line' id='line_1_36' title="bbox 514 4137 2097 4215; baseline -0.001 -16"><span class='ocrx_word' id='word_1_236' title='bbox 514 4144 575 4215; x_wconf 84' lang='lat'>2)</span> <span class='ocrx_word' id='word_1_237' title='bbox 615 4141 817 4203; x_wconf 82' lang='lat' dir='ltr'>Phars.</span> <span class='ocrx_word' id='word_1_238' title='bbox 857 4141 937 4200; x_wconf 89' lang='lat' dir='ltr'>VI</span> <span class='ocrx_word' id='word_1_239' title='bbox 961 4161 976 4200; x_wconf 74' lang='grc' dir='ltr'><strong>ε</strong></span> <span class='ocrx_word' id='word_1_240' title='bbox 1002 4145 1149 4213; x_wconf 82' lang='lat'>447,</span> <span class='ocrx_word' id='word_1_241' title='bbox 1194 4140 1428 4214; x_wconf 86' lang='lat' dir='ltr'>avocat,</span> <span class='ocrx_word' id='word_1_242' title='bbox 1470 4152 1675 4210; x_wconf 87' lang='lat' dir='ltr'>nempe</span> <span class='ocrx_word' id='word_1_243' title='bbox 1716 4153 1752 4196; x_wconf 85' lang='lat' dir='ltr'>a</span> <span class='ocrx_word' id='word_1_244' title='bbox 1792 4137 2097 4197; x_wconf 56' lang='lat' dir='ltr'>Thessalis».</span> 
     </span>
     <span class='ocr_line' id='line_1_37' title="bbox 515 4234 1371 4311; baseline -0.004 -15"><span class='ocrx_word' id='word_1_245' title='bbox 515 4240 575 4311; x_wconf 83' lang='lat'>3)</span> <span class='ocrx_word' id='word_1_246' title='bbox 699 4281 734 4311; x_wconf 92' lang='lat'>„</span> <span class='ocrx_word' id='word_1_247' title='bbox 860 4237 988 4297; x_wconf 90' lang='lat' dir='ltr'>Lib.</span> <span class='ocrx_word' id='word_1_248' title='bbox 1031 4236 1088 4295; x_wconf 93' lang='grc' dir='ltr'>ΙΙ</span> <span class='ocrx_word' id='word_1_249' title='bbox 1128 4236 1233 4295; x_wconf 87' lang='lat' dir='ltr'>sub</span> <span class='ocrx_word' id='word_1_250' title='bbox 1272 4234 1371 4293; x_wconf 89' lang='lat' dir='ltr'>fin.</span> 
     </span>
    </p>

    <p class='ocr_par' dir='ltr' id='par_1_12' title="bbox 514 4333 1112 4408">
     <span class='ocr_line' id='line_1_38' title="bbox 514 4333 1112 4408; baseline -0.002 -18"><span class='ocrx_word' id='word_1_251' title='bbox 514 4335 577 4405; x_wconf 84' lang='lat'>4)</span> <span class='ocrx_word' id='word_1_252' title='bbox 704 4374 731 4408; x_wconf 86' lang='lat'>„</span> <span class='ocrx_word' id='word_1_253' title='bbox 864 4333 952 4391; x_wconf 71' lang='lat' dir='ltr'>Vt</span> <span class='ocrx_word' id='word_1_254' title='bbox 979 4336 1112 4390; x_wconf 89' lang='lat'>351.</span> 
     </span>
    </p>
   </div>
   <div class='ocr_carea' id='block_1_6' title="bbox 2440 4442 2505 4489">
    <p class='ocr_par' dir='ltr' id='par_1_13' title="bbox 2440 4442 2505 4489">
     <span class='ocr_line' id='line_1_39' title="bbox 2440 4442 2505 4489; baseline 0 -12"><span class='ocrx_word' id='word_1_255' title='bbox 2440 4442 2505 4489; x_wconf 66' lang='lat'>2*</span> 
     </span>
    </p>
   </div>
   <div class='ocr_carea' id='block_1_7' title="bbox 2718 640 3099 684">
    <p class='ocr_par' dir='ltr' id='par_1_14' title="bbox 2718 640 3099 684">
     <span class='ocr_line' id='line_1_40' title="bbox 2718 640 3099 684; baseline -0.013 0"><span class='ocrx_word' id='word_1_256' title='bbox 2718 644 2917 684; x_wconf 68' lang='lat' dir='ltr'>videntium</span> <span class='ocrx_word' id='word_1_257' title='bbox 2945 640 3099 683; x_wconf 76' lang='lat' dir='ltr'>credat.</span> 
     </span>
    </p>
   </div>
  </div>
 </body>
</html>
