3434 5159
1509 362 1644 432 119

446 588 727 676 campos
770 586 1036 676 Elysios
1080 590 1149 654 et
1192 584 1510 672 Tartara,
1556 594 1801 653 manes
1848 588 1914 653 et
1959 583 2279 671 umbram,
2331 585 2708 673 omniaque

330 704 336 708 ’
442 693 562 762 illa
628 694 793 763 trita
859 698 928 760 et
986 688 1292 760 obsoleta
1309 744 1327 778 ,
1399 691 1654 779 quibus
1716 690 1962 780 vulgus
2024 689 2236 759 fidem
2296 689 2704 774 adhibebat,

445 794 566 868 sed
634 819 794 869 cum
863 819 1062 868 suam
1127 797 1347 887 ipsius
1419 797 1836 866 sententiam
1904 796 2192 886 promit,
2273 796 2425 864 sine
2494 795 2705 865 dubio

446 904 810 975 Stoicum
872 905 1072 994 agit,
1141 923 1308 972 nam
1368 908 1566 992 putat
1621 902 1992 992 aliquando
2037 902 2381 971 mundum
2426 901 2708 971 univer·

445 1015 603 1080 's'nt'n
663 1011 1052 1100 periturum
1128 1017 1315 1095 esse3
1395 1009 1742 1098 imprimis
1819 1007 1905 1076 de
1979 1017 2202 1076 morte
2280 1007 2703 1092 voluntaria,

445 1116 890 1206 opinionibus
967 1114 1272 1184 Senecae
1341 1120 1409 1183 et
1487 1114 1884 1203 aequalium
1954 1113 2300 1200 imbutus„
2367 1111 2705 1181 Stoissare

444 1223 735 1292 videtur.

538 1548 722 1640 Quid
782 1559 992 1650 igitur
1050 1579 1089 1628 e
1152 1559 1602 1645 „confusione
1662 1565 1731 1628 et
1790 1560 2251 1649 permixtione
2313 1565 2382 1628 et
2429 1559 2706 1651 colliga·
2733 1582 2841 1627 oum
2892 1585 3016 1677 29³²·-
3058 1582 3114 1624 a,

445 1664 676 1733 tione’'
723 1684 1051 1735 versuum
1096 1664 1491 1735 Pharsaliae
1535 1667 1622 1734 de
1668 1666 2012 1735 sententia
2056 1665 2325 1735 Lucani
2369 1665 2455 1734 de
2494 1665 2704 1735 rebus
2732 1636 3114 1733 fflfflmsffi'ssrffi

447 1770 700 1839 divinis
767 1776 836 1838 et
892 1770 1219 1840 humanis
1279 1769 1554 1840 efficere
1614 1791 1985 1860 possumus
2000 1772 2037 1839 ‘2‘
2129 1771 2307 1840 Deos
2360 1791 2511 1841 esse
2556 1772 2708 1841 sine

443 1875 657 1945 dubio
699 1881 904 1965 poeta
949 1877 1288 1966 agnoscit,
1335 1876 1458 1945 sed
1488 1876 1899 1966 plerumque
1943 1882 2109 1946 sunt
2137 1878 2358 1966 magis
2389 1878 2708 1946 notiones

442 1981 960 2071 philosophicae
1005 1999 1217 2070 quam
1262 1982 1377 2050 dei
1421 1983 1819 2071 personales
1835 2035 1852 2070 ‚
1901 1982 2095 2052 nulla
2138 2004 2215 2051 re
2258 1984 2346 2051 iis
2376 1982 2708 2053 attributa

442 2087 582 2156 nisi
654 2087 760 2156 ira
833 2087 1228 2157 vehementi
1294 2089 1370 2156 in
1439 2088 1816 2157 Romanos
1919 2088 2038 2157 Vis
2108 2089 2339 2157 autem
2410 2089 2563 2177 ipsa
2630 2087 2706 2155 in

443 2197 770 2261 scaenam
814 2192 1140 2282 prodiens
1156 2247 1174 2281 ,
1222 2194 1458 2263 omnia
1502 2193 1813 2263 humana
1857 2194 2254 2284 gubernans
2271 2248 2288 2281 ,
2322 2199 2426 2262 est
2455 2193 2703 2279 fatum,

444 2297 628 2387 q'uod
673 2308 878 2388 saepe
916 2298 1058 2367 fere
1095 2304 1175 2369 ut
1214 2299 1386 2370 deus
1426 2296 1808 2389 personalis
1848 2305 1916 2368 et
1954 2298 2263 2389 cogitans
2286 2296 2360 2367 in
2384 2304 2707 2389 poemate

440 2403 721 2473 incedit.
811 2398 949 2472 Sed
993 2405 1399 2474 necessitate
1444 2407 1712 2496 poetica
1761 2411 2039 2475 coactus
2057 2458 2074 2491 ,
2124 2412 2326 2495 poeta
2364 2405 2502 2473 sato
2536 2405 2707 2473 assi‘¹

444 2509 640 2577 milat
695 2508 1113 2608 Fortunam,
1175 2528 1353 2599 quae
1412 2511 1870 2601 personaliter
1913 2511 2222 2600 depicta,
2288 2511 2429 2578 fere
2474 2515 2705 2600 partes

444 2614 730 2684 deorum
790 2615 1076 2684 Homeri
1136 2618 1295 2706 agit.
1387 2616 1758 2687 Permultis
1815 2617 1983 2686 locis
2041 2622 2273 2687 autem
2319 2623 2525 2707 poeta
2571 2617 2708 2686 sibi

443 2740 587 2789 non
663 2727 931 2790 constat
999 2727 1065 2790 et
1134 2722 1354 2793 fatum
1415 2723 1936 2812 Fortunamque
1995 2744 2238 2793 rursus
2301 2724 2434 2793 alio
2494 2743 2706 2792 sensu

444 2825 756 2914 adhibet,
806 2829 1114 2896 carmine
1145 2829 1296 2897 sine
1327 2829 1539 2899 dubio
1570 2830 1781 2898 nimis
1810 2828 2216 2898 festinanter
2243 2830 2590 2916 confectO,
2630 2834 2708 2898 ut

443 2930 584 2999 iam
607 2937 812 3001 antea
834 2931 1073 3001 doctor
1094 2933 1557 3021 doctissimuS,
1585 2935 2041 3023 omniumque
2069 2935 2700 3021 ‚‚Lucanissimus’',

445 3034 532 3103 de
591 3035 1004 3133 lectionibus
1070 3038 1463 3109 Pharsaliae
1538 3059 1752 3127 agens
1827 3040 1936 3108 his
2005 3040 2235 3109 verbis
2298 3039 2700 3109 affirmavit:

444 3138 853 3228 „Lucanum
944 3150 1211 3213 constat
1300 3165 1444 3214 non
1534 3144 1919 3235 perfectum
2011 3165 2239 3234 neque
2323 3144 2702 3235 expolitum

444 3262 726 3316 carmen
787 3269 995 3318 suum
1054 3250 1415 3340 reliquisse
1464 3303 1752 3320 .....
1822 3248 2134 3340 [Septem
2194 3251 2445 3340 reliqui
2505 3249 2694 3341 libri]

441 3350 847 3422 festinanter
905 3355 982 3423 in
1043 3356 1351 3425 chartam
1415 3358 1708 3426 coniecti
1726 3410 1743 3443 ,
1804 3357 2067 3445 passim
2127 3357 2269 3424 iam
2330 3358 2490 3425 an'te
2540 3376 2707 3426 con-

440 3457 700 3529 fectum
747 3480 1030 3530 carmen
1077 3462 1380 3552 aliquam
1423 3464 1985 3532 retractationem
2026 3482 2066 3530 a
2096 3469 2509 3553 properante
2539 3482 2709 3552 poe-

440 3570 554 3634 tae
600 3585 819 3635 manu
864 3568 1127 3656 experti
1172 3569 1344 3655 sint,
1392 3588 1676 3637 necesse
1726 3569 1897 3637 est.'’
1931 3567 1990 3659 1)

532 3669 877 3741 Omnibus
944 3671 1153 3742 rebus
1222 3693 1263 3742 a
1328 3673 1466 3742 fato
1536 3674 1926 3749 constitutis
1950 3726 1968 3759 ‚
2047 3674 2425 3742 maximam
2495 3671 2704 3741 fidem

444 3775 724 3845 adhibet
783 3777 1110 3848 Lucanus
1169 3779 1465 3849 oraculis
1527 3785 1594 3848 et
1637 3780 2012 3869 portentis3
2070 3779 2156 3848 de
2202 3784 2424 3847 morte
2471 3782 2706 3847 autem

443 3882 819 3952 admodum
865 3882 1154 3953 dubitat.
1245 3885 1328 3953 In
1372 3886 1779 3955 universum
1824 3890 2027 3974 poeta
2043 3938 2060 3971 ,
2119 3884 2431 3953 doctrina
2477 3883 2708 3952 Stoica

440 3989 699 4058 tinctus
715 4041 734 4076 ,
796 3989 906 4056 his
963 3989 1041 4056 in
1099 3989 1309 4059 rebus
1370 3990 1815 4080 opinionibus
1858 3990 2225 4059 hominum
2271 3987 2665 4077 aequalium
2685 4039 2704 4074 ‚

445 4093 676 4184 aliquo
723 4094 930 4164 modo
984 4095 1415 4165 excultorum
1432 4148 1450 4182 ,
1501 4096 1873 4165 convenire
1918 4094 2190 4164 videtur
2205 4147 2223 4181 ,
2273 4113 2507 4162 eorem
2551 4093 2706 4181 qui-

528 4408 586 4477 1)
629 4403 715 4464 Of.
755 4405 891 4464 clar.
935 4404 995 4464 O.
1040 4406 1119 4463 M.
1162 4405 1493 4464 Francken:
1536 4404 1747 4464 Mnem.
1792 4408 1943 4464 1890
1983 4420 2077 4479 pg.
2121 4409 2212 4463 19.
