3434 5159
1501 351 1634 438 123

422 568 651 646 βέλτιον
695 572 959 639 τεθνάναι
1006 576 1040 652 ἢ
1085 574 1257 659 ζῆν,”
1303 575 1436 667 leg.
1484 578 1590 661 „023
1636 578 1873 645 διπλοῦν
1917 579 2011 645 ὃν”
2057 599 2184 669 pro
2230 579 2588 665 „ot’aebbwo‘re”
2623 584 2693 649 et

424 675 634 743 verba
678 677 972 748 alicuius
1018 681 1413 771 interpretis
1460 685 1658 769 „gom
1702 684 1800 750 ὅτε
1845 686 1943 750 καὶ
1989 681 2110 758 οἷς”
2168 691 2334 755 sunt
2378 685 2695 755 delenda.

1473 921 1654 991 XIV.
1761 946 1766 951 ·

518 1104 742 1196 Caput
787 1106 975 1177 XVII
1019 1109 1180 1179 libri
1226 1113 1409 1181 tertii
1455 1113 1841 1202 Thucydidi
1887 1116 2443 1187 abiudicandum
2490 1125 2618 1191 est.

1491 1335 1639 1405 XV.

517 1517 835 1589 Narratio
879 1520 1233 1591 Plutarchi
1280 1522 1490 1612 (Cim.
1538 1544 1596 1592 c.
1642 1522 1722 1613 8)
1770 1524 1860 1593 de
1906 1525 2150 1595 decem
2198 1530 2551 1619 strategiS,
2587 1530 2711 1619 qui

429 1622 753 1714 Sophocli
814 1629 1114 1716 primam
1186 1629 1492 1699 fabulam
1567 1630 1845 1700 docenti
1902 1628 2210 1721 palmam
2282 1633 2708 1722 addixerint,

431 1736 534 1798 est
577 1732 950 1803 reicienda.

1480 1867 1661 1998 XVI.

522 2110 604 2179 In
650 2111 882 2182 fabula
929 2111 1319 2201 Sophoclis,
1379 2134 1560 2203 quae
1605 2115 1957 2206 Antigone
2003 2116 2443 2204 inscribitur,
2490 2117 2714 2188 Creon

433 2235 671 2285 revera
715 2218 979 2306 primas
1023 2224 1254 2308 partes
1298 2221 1465 2310 agit.

1469 2398 1684 2511 xvn.

513 2628 760 2716 Solon,
826 2649 970 2698 non
1017 2629 1273 2718 Draco,
1328 2636 1656 2719 quattuor
1698 2631 1956 2701 classes
2003 2631 2469 2701 Athenienses
2516 2634 2717 2703 insti-

434 2735 587 2804 tuit.
678 2733 905 2815 Quam
967 2737 1057 2805 ob
1109 2757 1260 2805 rem
1310 2737 1386 2805 in
1433 2758 1642 2828 opere
1688 2737 2080 2807 Aristotelis
2127 2759 2354 2829 nuper
2393 2741 2678 2809 invento
2694 2794 2713 2828 ,

434 2840 518 2908 de
587 2841 860 2910 civitate
922 2841 1371 2929 Atheniensi,
1442 2849 1597 2932 post
1658 2844 1876 2913 verba
1936 2847 2301 2928 „remmam
2363 2847 2567 2911 διεῖλεν
2634 2849 2714 2918 εἰς

431 2947 690 3028 τέτταρσι
735 2948 946 3026 τέλη”,
1013 2946 1104 3036 (c.
1153 2948 1226 3038 7)
1278 2948 1573 3018 delenda
1616 2955 1783 3019 sunt
1826 2950 2040 3019 verba
2084 2952 2449 3039 sequentia
2494 2951 2713 3020 inter-

432 3052 695 3141 polata:
742 3053 1003 3135 καθάπερ
1049 3055 1274 3137 διῄρητο
1322 3055 1421 3120 καὶ
1470 3055 1799 3137 πρότερον.”

1457 3275 1705 3345 XVIII.

526 3467 747 3536 Maior
807 3464 978 3535 fides
1037 3465 1361 3536 habenda
1422 3471 1526 3534 est
1584 3465 2034 3554 Xenophonti
2090 3463 2301 3554 (Hell.
2349 3465 2414 3533 II
2440 3465 2528 3534 :3
2554 3488 2569 3534 ε
2599 3464 2715 3556 51)

437 3593 647 3661 quam
695 3571 1082 3659 Aristoteli,
1133 3572 1325 3662 (Ath.
1359 3572 1552 3661 polit.
1585 3592 1648 3640 c.
1679 3570 1801 3662 37)
1851 3572 1937 3640 de
1983 3573 2252 3640 ratione
2299 3592 2436 3661 qua
2470 3570 2719 3641 Critias

437 3678 909 3748 adversarium
954 3678 1460 3747 Theramenem
1516 3677 2088 3767 pessumdederit.
2182 3676 2265 3745 In
2310 3679 2717 3748 universum

435 3784 703 3873 primae
747 3785 930 3874 parti
976 3785 1204 3874 operis
1250 3783 1640 3853 Aristotelis
1689 3782 1872 3874 (cap.
1923 3781 2275 3873 I—XLII)
2302 3803 2468 3852 «non
2507 3783 2719 3851 nimis

438 3889 887 3989 credendum.

1488 4079 1675 4148 XIX.

529 4272 889 4341 Sententia
934 4271 1325 4340 Aristotelis
1370 4270 1457 4338 de
1503 4269 1774 4359 legibus
1821 4267 2156 4336 Draconis
2203 4268 2425 4357 magis
2469 4267 2719 4356 proba-

439 4377 599 4447 bilis
646 4384 751 4447 est
796 4397 1008 4468 quam
1055 4377 1401 4445 sententia
1448 4375 1772 4465 vulgaris.
