3434 5159
1644 928 2059 997 CAPUT
2139 930 2190 998 I.

1346 1096 1496 1178 Quid
1553 1094 1826 1162 Lucanus
1880 1094 1957 1163 de
2015 1096 2148 1164 deis
2203 1097 2487 1164 senserit.

1089 1259 1389 1320 Sententia
1438 1266 1648 1335 poetae
1686 1276 1804 1319 non
1839 1261 2034 1321 statim
2085 1262 2291 1322 elucet.
2332 1295 2412 1307 -
2454 1264 2610 1337 Quas
2648 1270 2844 1339 partes
2885 1272 3063 1339 agant

1168 1354 1279 1415 dei.
1332 1388 1410 1399 --
1463 1356 1575 1415 Dei
1630 1356 1692 1414 in
1742 1372 1935 1416 rerum
1989 1362 2199 1417 natura
2254 1357 2641 1420 dominantur.
2681 1392 2761 1403 —
2801 1360 2914 1420 Dei
2968 1378 3061 1420 res

1167 1450 1444 1510 humanas
1484 1452 1825 1525 gubernant.
1867 1484 1949 1495 -
1988 1452 2099 1512 Dei
2136 1460 2470 1528 praesentes
2511 1454 2799 1515 dicuntur.
2842 1489 2919 1500 —
2951 1457 3063 1516 Dei

1168 1545 1499 1619 saepissime
1561 1547 1925 1607 invocantur.
1978 1580 2058 1591 —
2112 1549 2324 1622 Quales
2380 1550 2496 1610 sint
2550 1550 2682 1610 deit
2731 1551 3062 1611 hominibus

1172 1643 1329 1701 saevi
1387 1648 1562 1716 atque
1619 1643 1776 1703 irati.
1824 1675 1907 1687 -—
1952 1643 2106 1703 Num
2160 1650 2334 1717 poeta
2389 1645 2461 1705 de
2513 1646 2776 1720 potentia
2828 1646 3060 1707 deorum

1172 1736 1414 1797 dubitet.
1464 1768 1545 1782 —
1593 1738 1727 1799 Uno
1782 1738 1913 1797 loco
1972 1744 2147 1813 poeta
2194 1738 2332 1799 deos
2375 1756 2500 1799 esse
2541 1746 2734 1815 negat.
2776 1775 2852 1786 -—
2894 1741 3063 1801 Unde

1172 1837 1378 1905 poetae
1427 1833 1518 1892 ira
1568 1834 1631 1891 in
1685 1832 1822 1892 deos
1878 1838 2009 1892 orta
2062 1850 2188 1893 esse
2236 1833 2518 1894 videatur.
2567 1868 2647 1879 —
2694 1836 2849 1895 Num
2889 1842 3065 1911 poeta

1173 1926 1568 2000 providentiae
1635 1927 1853 1988 credat.
1911 1961 1990 1971 —
2034 1929 2186 1988 Num
2229 1930 2319 1990 ira
2357 1935 2565 2005 poetae
2604 1931 2667 1990 in
2708 1931 2845 1992 deos
2886 1932 3066 2006 expli-

1176 2022 1296 2080 cari
1353 2023 1553 2097 possit.
1620 2056 1697 2066 —
1751 2022 1957 2083 Sintne
2010 2023 2104 2083 dei
2150 2025 2486 2085 Pharsaliae
2526 2025 2619 2085 dei
2658 2027 2942 2100 vulgares.
2982 2059 3057 2070 —-

1177 2116 1368 2189 Quare
1419 2122 1590 2192 poeta
1641 2118 1780 2178 deos
1834 2115 2163 2193 olympicos
2219 2136 2335 2180 non
2390 2120 2735 2182 adhibuerit.
2787 2155 2866 2165 —
2906 2123 3059 2182 Num

1177 2210 1270 2270 dei
1309 2212 1642 2273 Pharsaliae
1680 2212 1799 2274 sint
1837 2213 1930 2274 dei
1971 2214 2261 2288 Epicurei.
2290 2249 2368 2258 —
2397 2216 2551 2275 Num
2592 2216 2685 2276 dei
2726 2217 3059 2277 Pharsaliae

1177 2325 1305 2367 cum
1341 2308 1703 2384 philosophia
1743 2309 1941 2369 Stoica
1979 2311 2339 2371 conveniant.
2372 2344 2449 2354 —-
2476 2312 2741 2387 Vestigia
2767 2312 3060 2373 doctrinae

1178 2403 1424 2464 Stoicae.
1470 2438 1548 2448 —-
1595 2404 1749 2465 Num
1799 2405 2062 2465 doctrina
2114 2404 2439 2465 Stoicorum
2481 2423 2608 2466 cum
2650 2408 2781 2467 odio
2821 2408 2883 2467 in
2923 2408 3060 2467 deos

1179 2505 1477 2574 congruat.
1530 2533 1609 2543 —
1664 2499 1996 2561 Conclusio:
2056 2517 2204 2575 quae
2259 2503 2548 2562 sententia
2602 2508 2809 2577 poetae
2849 2503 2944 2562 sit.
2986 2535 3064 2545 —

1180 2595 1476 2668 Quomodo
1527 2594 1796 2655 Lucanus
1851 2595 2076 2657 fabulas
2133 2597 2371 2657 inserat.
2426 2630 2503 2640 —-
2559 2597 2855 2671 Quomodo
2894 2602 3068 2672 poeta

1179 2689 1318 2750 deos
1357 2690 1666 2764 abrogatos
1709 2697 2057 2766 compenset.

381 2855 592 2897 smum
618 2856 762 2905 ⁹⁰⁸‘20
876 2852 1107 2921 Alicui
1154 2851 1584 2920 Pharsaliam
1632 2851 1924 2941 legenti,
1973 2856 2052 2919 ut
2098 2850 2366 2920 Lucani
2412 2851 2499 2919 de
2545 2851 2692 2919 deis
2713 2903 2730 2938 ,
2773 2850 2859 2919 de
2892 2852 3062 2936 fato,

379 2920 460 2950 non
468 2908 605 2947 statim
615 2905 763 2946 clucet.

393 4234 504 4277 Quas
527 4234 664 4286 partes

391 4302 516 4362 88⁸1st
542 4300 622 4343 dei.

787 2958 874 3025 de
919 2977 1156 3026 rerum
1194 2956 1662 3027 humanarum
1696 2955 2297 3024 administratione
2329 2957 2747 3026 sententiam
2786 2956 3064 3046 indaget

789 3067 996 3151 atque
1039 3062 1439 3151 investiget,
1488 3061 1716 3150 prima
1760 3060 1963 3130 lectio
2011 3062 2162 3129 sine
2210 3063 2421 3130 dubio
2471 3063 2852 3141 maximam
2900 3082 3064 3130 con-

785 3168 1130 3237 fusionem
1189 3167 1801 3255 turbationemque
1865 3165 2131 3253 afferet,
2190 3186 2419 3255 neque
2467 3168 2697 3256 primo
2743 3172 3064 3255 aspectu,

788 3272 955 3360 quid
1022 3292 1262 3341 revera
1328 3278 1533 3360 poeta
1600 3272 1707 3339 his
1769 3271 1855 3339 de
1915 3272 2127 3341 rebus
2188 3273 2517 3353 senserit,
2570 3271 2889 3340 elucebit.
2984 3272 3064 3338 In

787 3378 1013 3445 vicem
1083 3377 1228 3465 dei,
1303 3376 1701 3444 inevitabile
1772 3376 2026 3463 fatum,
2100 3397 2306 3446 caeca
2374 3377 2651 3445 fortuna
2722 3376 3066 3445 mundum

787 3499 1037 3570 resque
1067 3482 1413 3551 humanas
1443 3475 1833 3571 gubernare
1868 3487 2075 3570 atque
2106 3502 2399 3571 regnare
2432 3482 2757 3549 videntur
2776 3533 2793 3566 ‚
2837 3501 3067 3569 neque
3188 3568 3191 3570 Α

788 3587 1037 3656 iisdem
1083 3587 1169 3655 de
1215 3587 1424 3656 rebus
1471 3606 1750 3675 semper
1792 3586 1980 3654 idem
2027 3588 2285 3654 sentire
2317 3586 2591 3655 videtur
2621 3591 2854 3674 poeta;
2890 3605 3068 3674 quae

791 3692 1103 3762 confusio
1163 3697 1244 3761 ut
1302 3692 1583 3760 tollatur
1642 3711 1785 3759 non
1843 3690 1995 3760 fieri
2041 3697 2297 3782 potest,
2350 3692 2487 3759 nisi
2534 3692 2747 3759 lector
2794 3711 3069 3779 semper

791 3796 1226 3883 recordetur,
1290 3795 1655 3865 Lucanum
1716 3797 1928 3865 fuisse
1986 3801 2300 3886 poetam,
2349 3814 2492 3864 non
2540 3796 3027 3885 philosophum
3047 3848 3065 3881 ‚

792 3922 1021 3991 neque
1088 3900 1562 3990 philosophiae
1632 3901 2069 3971 enchiridion
2087 3951 2105 3979 ,
2179 3903 2302 3970 sed
2364 3922 2615 3991 poema
2675 3902 3064 3990 scripsisse,

791 4009 1135 4076 rationem
1197 4012 1430 4075 autem
1491 4025 1770 4075 severae
1831 4007 2312 4096 philosophiae
2373 4027 2519 4076 non
2585 4026 2860 4095 semper
2908 4025 3068 4074 cum

794 4111 1158 4201 postulatis
1204 4114 1370 4180 artis
1416 4112 1726 4200 poeticae
1773 4131 2183 4203 congruere.

880 4215 1261 4285 Videamus
1304 4216 1611 4303 primum
1658 4236 1833 4307 quas
1878 4224 2112 4305 partes
2159 4217 2272 4284 dei
2316 4217 2393 4285 in
2440 4216 2795 4285 Pharsalia
2828 4235 3030 4306 agere
3048 4267 3066 4303 ,

758 4388 761 4391 ,
799 4325 869 4391 et
927 4341 1141 4413 quam
1203 4321 1346 4390 vim
1405 4320 1481 4391 in
1525 4321 1668 4390 vita
1709 4322 2077 4392 hominum
2126 4322 2531 4412 quotidiana
2576 4322 2833 4390 habere
2881 4321 3069 4390 vide-
