3434 5159
1807 322 1897 391 74

713 539 941 609 verbis
986 561 1188 611 usus:
1239 543 1453 628 „Toto
1499 544 1758 633 quippe
1805 545 2069 617 mundo
2110 549 2186 612 et
2231 544 2558 615 omnibus
2596 546 2798 632 lociS‚
2834 569 3012 634 om-·

717 645 1059 735 nibusque
1105 648 1292 717 horis
1338 649 1656 718 omnium
1706 649 1988 718 vocibus
2035 648 2343 719 Fortuna
2388 649 2534 718 sola
2580 657 2867 722 vocatur
2904 674 2988 721 ac

717 752 1142 838 nominatur,
1206 774 1351 823 una
1412 760 1808 840 accusatur,
1873 773 2017 824 una
2062 754 2290 843 agitur
2333 773 2486 840 rea,
2536 775 2681 824 una
2728 758 2985 847 cogita-

715 859 855 942 tur,
919 858 1065 926 sola
1128 857 1475 944 laudatur,
1542 861 1689 928 sola
1752 861 2065 949 arguitur
2110 863 2180 927 et
2225 879 2387 928 cum
2435 860 2767 929 conviciis
2814 861 2983 929 coli-

715 966 857 1046 tur,
905 961 1223 1032 volubilis
1239 1018 1255 1048 ‚
1308 985 1349 1033 a
1394 965 1743 1054 plerisque
1781 985 1943 1034 vero
1983 969 2051 1032 et
2084 983 2287 1032 caeca
2329 963 2747 1050 existimata,
2783 985 2986 1059 vaga,

715 1065 1149 1153 inconstans,
1210 1069 1509 1156 incerta,
1572 1071 1798 1155 varia,
1853 1070 2438 1159 indignorumque
2485 1068 2774 1145 fautrix3
2820 1069 2988 1139 huic

717 1171 953 1238 omnia
999 1191 1335 1260 expensa,
1384 1174 1548 1243 huic
1594 1176 1832 1243 omnia
1878 1175 2195 1243 feruntur
2240 1178 2557 1261 accepta,
2608 1179 2676 1242 et
2721 1175 2796 1242 in
2841 1179 2986 1243 tota

714 1275 981 1342 ratione
1028 1278 1427 1347 mortalium
1475 1279 1622 1348 sola
1665 1285 2036 1368 utramque
2083 1277 2412 1367 paginam
2443 1277 2634 1363 facit,
2672 1278 2983 1367 adeoque

715 1378 1055 1448 obnoxiae
1117 1402 1360 1452 sumus
1423 1386 1660 1470 sortiS‚
1723 1390 1803 1453 ut
1863 1403 2013 1452 sors
2072 1383 2221 1471 ipsa
2283 1401 2410 1470 pro
2475 1381 2606 1449 deo
2668 1384 2791 1468 sit,
2847 1402 2990 1471 qua

716 1483 888 1552 deus
934 1486 1268 1572 probatur
1312 1489 1685 1559 incertuS.”
1726 1488 1782 1578 ¹)

807 1587 1091 1658 Constat
1122 1597 1353 1660 autem
1390 1593 1654 1663 cultum
1687 1594 1857 1662 deae
1880 1592 2225 1662 Fortunae
2249 1590 2381 1659 sub
2404 1590 2651 1659 ultima
2674 1596 2989 1680 tempora

717 1691 975 1762 liberae
1036 1696 1460 1785 reipublicae
1508 1703 1715 1787 atque
1763 1698 2044 1766 initium
2090 1695 2523 1785 principatus
2569 1696 2792 1787 magis
2838 1715 2991 1763 ma-

717 1797 957 1884 gisque
1004 1801 1333 1869 crevisse:
1382 1822 1611 1891 neque
1657 1802 1950 1883 mirum,
1999 1801 2061 1869 si
2101 1799 2536 1889 temporibus
2581 1804 2726 1867 tam
2763 1800 2992 1888 gravi-

718 1899 848 1968 bus
896 1907 962 1968 et
1010 1905 1428 1976 turbulentis
1446 1959 1464 1994 ,
1520 1907 1732 1975 caede
1783 1909 2102 1990 cruenta,
2151 1902 2609 1972 seditionibus
2657 1903 2990 1989 omnique

719 2006 1052 2091 pravitate
1112 2010 1390 2098 repletis
1408 2063 1426 2097 ,
1493 2012 1812 2080 homines
1872 2010 2190 2098 vulgares
2251 2007 2474 2095 magis
2535 2006 2704 2073 deae
2758 2011 2987 2074 muta-

716 2108 839 2175 bili
900 2118 1287 2202 cunctaque
1349 2136 1387 2183 e
1447 2116 1740 2185 libidine
1792 2115 2104 2200 facienti,
2155 2131 2367 2201 quam
2413 2110 2559 2178 deis
2609 2109 2990 2199 olympicis

721 2212 999 2282 credere
1046 2216 1496 2308 incipiebant.

312 2362 492 2402 rom,
542 2362 693 2414 mim„
809 2317 975 2387 Sine
1036 2321 1247 2391 dubio
1310 2324 1481 2393 haec
1543 2325 1779 2414 opinio
1841 2324 1928 2393 de
1987 2326 2325 2413 potestate
2384 2320 2732 2388 Fortunae
2779 2317 2990 2385 etiam

313 2416 451 2466 vm·
476 2415 575 2465 Ψ·
718 2429 1033 2493 nostrum
1093 2425 1368 2517 poetam
1431 2428 1749 2516 adduxit,
1815 2435 1893 2498 ut
1954 2448 2110 2497 eam
2171 2426 2374 2495 deam
2435 2424 2698 2514 primas
2759 2427 2990 2511 Partes

720 2534 1038 2616 agentem
1103 2533 1178 2603 in
1246 2535 1554 2602 carmine
1616 2534 2006 2611 adhiberet,
2078 2550 2359 2621 perraro
2425 2534 2663 2597 tamen
2724 2525 2990 2615 signifi-

719 2634 988 2702 catione
1041 2637 1337 2726 vulgari,
1387 2659 1641 2728 nempe
1689 2658 1890 2707 casus
1935 2643 2004 2705 et
2048 2628 2260 2704 fortis.
2339 2632 2792 2722 Saepissime,
2827 2650 2990 2700 cum

718 2759 755 2804 e
811 2758 1004 2806 more
1050 2740 1315 2810 Lucani
1360 2743 1578 2812 fatum
1626 2741 2065 2811 intercedens
2113 2742 2673 2827 exspectaremus
2693 2787 2710 2820 ‚
2759 2735 2990 2804 subito

716 2840 1024 2911 Fortuna
1080 2846 1157 2912 in
1216 2866 1543 2915 scaenam
1605 2847 1864 2936 prodit,
1927 2846 2056 2914 dea
2100 2842 2437 2911 Romanis
2482 2838 2951 2908 infensissima
2971 2890 2989 2923 ,

719 2943 996 3014 Caesari
1069 2950 1306 3018 favens
1330 3003 1348 3038 ‚
1425 2950 1839 3041 Pompeium
1907 2950 2329 3040 opprimens.
2445 2945 2629 3013 Loco
2703 2942 2995 3011 notabili
3112 2966 3115 2969 ·

719 3053 1053 3121 acerrime
1114 3056 1337 3144 plorat
1394 3062 1596 3146 poeta
1658 3057 1928 3125 cladem
1985 3053 2451 3122 Pharsalicam
2471 3104 2489 3138 ,
2538 3048 2723 3141 quod
2771 3046 2860 3115 ab
2908 3066 2991 3114 eo

719 3162 1027 3247 ternpore
1094 3160 1338 3249 iugum
1406 3162 1753 3230 servitutis
1820 3159 2157 3228 Romanis
2225 3156 2630 3245 impositum
2700 3153 2832 3221 sit:
2907 3170 2992 3218 ea

717 3282 952 3351 pugna
1013 3283 1157 3331 non
1218 3265 1422 3334 modo
1482 3265 1888 3354 aequalibus
1905 3317 1922 3348 ,
1969 3263 2092 3331 sed
2137 3262 2347 3330 etiam
2393 3259 2686 3349 posteris
2703 3310 2721 3344 ,
2772 3255 2988 3324 servis

717 3364 913 3434 factis
937 3420 955 3453 ‚
1028 3371 1298 3456 quaerit
1366 3389 1503 3458 quo
1571 3369 1777 3437 modo
1847 3368 2149 3435 Romani
2209 3366 2318 3434 sui
2377 3363 2712 3451 temporis
2782 3360 2990 3431 talem

717 3476 971 3538 sortem
1018 3474 1247 3540 meriti
1292 3474 1464 3559 sint,
1514 3493 1686 3543 num
1733 3472 1965 3561 pavidi
2009 3471 2264 3540 fuerint
2309 3470 2386 3537 in
2430 3466 2730 3557 proeliis.
2804 3463 2985 3533 Tum

718 3574 1163 3645 vehementer
1205 3578 1611 3667 respondet:
2108 3650 2112 3655 .

1254 3733 1268 3749 .
1363 3729 1379 3746 .
1584 3730 1599 3746 .
1697 3681 1958 3767 „alieni
2004 3697 2229 3769 poena
2275 3676 2541 3745 timoris

896 3783 972 3850 in
1018 3789 1254 3852 nostra
1300 3786 1565 3854 cervice
1611 3784 1838 3854 sedet:
1887 3790 2042 3875 post
2086 3781 2349 3873 proelia
2393 3780 2576 3850 natis

897 3888 957 3954 si
1002 3887 1401 3970 dominum,
1448 3889 1755 3959 Fortuna
1772 3942 1790 3976 ,
1838 3889 2053 3957 dabas
2100 3891 2169 3955 et
2212 3885 2394 3955 bella
2438 3880 2808 3952 dedisseS.''
2834 3877 2893 3967 2)

809 3991 1115 4061 Fortuna
1183 3994 1392 4084 igitur
1458 4014 1603 4063 non
1664 3994 1871 4063 modo
1940 3992 2410 4084 principatum
2474 3986 2795 4071 adduxit,
2866 3984 2988 4053 sed

723 4096 933 4164 etiam
979 4117 1105 4166 suo
1153 4098 1434 4167 arbitrio
1481 4099 1662 4169 bella
1708 4100 1871 4167 dare
1918 4098 2272 4188 potuisset.

809 4330 866 4401 1)
908 4326 1055 4388 Plin.
1096 4326 1154 4386 11
1182 4345 1200 4387 ι
1229 4331 1260 4385 7
1293 4346 1308 4385 ε
1339 4331 1437 4388 22.
1754 4327 1816 4398 2)
1857 4324 2056 4389 Phars.
2098 4324 2247 4385 v11=
2279 4324 2412 4385 644.
