3434 5159
1533 354 1624 424 89

425 577 656 660 datur,
727 578 948 665 quod,
1016 578 1073 645 si
1136 578 1508 646 Fortuna
1567 576 1872 663 fecisset,
1936 596 2293 645 summum
2341 574 2580 644 odium
2628 574 2701 641 in

427 682 619 749 deos
667 682 1038 750 attulisset:

697 839 1161 855 .....
1256 792 1369 875 „et
1415 806 1595 875 quae
1642 786 1951 855 Fortuna
1998 785 2288 854 deorum

694 893 956 961 invidia
1005 912 1210 961 caeca
1255 892 1599 961 bellorum
1646 893 1722 960 in
1768 881 1973 960 nocte
2020 891 2324 975 tulisset,

692 997 856 1066 fecit
903 1002 1212 1065 monstra
1257 996 1495 1065 fides,”
1533 995 1590 1086 1)

517 1102 604 1168 Et
667 1102 974 1170 Fortuna
1037 1100 1405 1171 Caesarem
1467 1102 1831 1170 deserente
1875 1101 1999 1170 sed
2045 1121 2287 1171 rursus
2332 1100 2668 1170 redeunte
2688 1153 2705 1186 ,

428 1206 585 1291 „dei
631 1208 910 1275 veniam
959 1207 1339 1277 meruere.”

518 1310 891 1399 Pompeius
939 1320 1172 1380 autem
1219 1312 1382 1380 felix
1432 1312 1982 1401 erat,‚quamdiu
2014 1311 2127 1379 dei
2158 1311 2436 1401 propitii
2469 1316 2704 1395 erant,

429 1416 576 1484 deis
637 1421 875 1484 tamen
935 1417 1240 1486 inimicis
1303 1418 1535 1498 factis,
1584 1418 1931 1503 Fortuna,
1981 1418 2180 1506 quasi
2227 1435 2471 1485 eorum
2518 1415 2705 1482 dele-

430 1526 621 1609 gata,
672 1540 878 1589 saeva
923 1541 1140 1591 manu
1188 1542 1352 1591 eum
1398 1523 1805 1612 pessumdat
1836 1521 1918 1611 2).

524 1624 778 1693 Milites
841 1626 1155 1695 Caesaris
1201 1647 1479 1716 quoque
1526 1634 1779 1717 putant
1826 1628 2209 1695 Fortunam
2258 1644 2299 1693 a
2345 1624 2493 1692 deis
2538 1644 2711 1712 pen-

432 1730 630 1816 dere,
694 1750 861 1797 nam
926 1730 1204 1800 Caesari
1259 1734 1554 1801 summis
1601 1732 1929 1821 periculis
1977 1750 2062 1798 ex
2110 1730 2306 1798 Italia
2351 1729 2710 1813 redeunti,

431 1839 584 1922 post
645 1834 836 1902 illam
899 1842 1178 1904 noctem
1238 1838 1805 1920 memorabilem,
1855 1838 1956 1904 sic
2002 1835 2316 1904 obiciunt
2361 1835 2712 1902 temerita-

432 1945 602 2025 tem,
655 1960 790 2028 qua
836 1941 1144 2010 favorem
1190 1943 1482 2012 deorum
1528 1945 1601 2011 in
1650 1943 2028 2012 discrimen
2067 1941 2182 2009 det
2216 1938 2712 2027 beneficiisque

442 2045 801 2114 abutatur:

611 2198 1188 2236 ......
1197 2152 1521 2238 ,Tantum
1569 2153 1738 2242 quid
1784 2153 2080 2222 numina
2124 2152 2339 2220 lassas
2357 2151 2394 2217 ἱ)

612 2253 864 2323 sufficit
911 2257 998 2324 ad
1045 2256 1210 2325 belli
1256 2278 1607 2327 summam
1653 2258 1846 2326 favor
1892 2258 2021 2326 iste
2112 2256 2444 2344 laborque

612 2358 958 2429 Fortunae
977 2415 995 2448 ,
1044 2363 1228 2451 quod
1278 2369 1344 2432 te
1391 2365 1644 2432 nostris
1691 2364 1982 2453 impegit
2028 2363 2257 2432 arenis
2274 2362 2355 2429 ‘³²’
2387 2360 2446 2449 3)

527 2462 781 2531 Caesar
841 2473 1074 2535 autem
1138 2469 1521 2538 Fortunam
1587 2475 1651 2536 et
1716 2469 1882 2537 deos
1946 2468 2190 2537 eodem
2253 2466 2404 2535 loco
2451 2483 2713 2554 ponere

434 2567 737 2656 videtur,
801 2571 901 2638 sic
963 2573 1376 2662 piscatorem
1423 2579 1833 2663 paventem,
1884 2575 2005 2662 qui
2053 2594 2212 2642 eum
2260 2590 2473 2661 parvo
2521 2567 2716 2636 navi-

437 2673 547 2761 gio
595 2693 787 2741 mare
834 2675 1267 2747 Adriaticum
1314 2679 1797 2749 turbulentum
1841 2678 2251 2759 transvehit,
2288 2676 2714 2744 adhortatus:

645 2831 658 2844 .
753 2781 945 2864 „sola
991 2784 1117 2852 tibi
1165 2804 1373 2854 causa
1419 2785 1594 2853 haec
1640 2790 1741 2852 est
1789 2785 1970 2853 iusta
2017 2784 2317 2868 timoriS,

529 2888 873 2954 vectorem
923 2908 1064 2957 non
1113 2910 1317 2958 nosse
1363 2895 1601 2975 tuum,
1651 2910 1862 2978 quem
1908 2889 2203 2957 numina
2251 2905 2640 2974 numquam

527 2985 942 3079 destituunt,
996 2993 1082 3061 de
1129 3015 1267 3084 quo
1317 2995 1498 3064 male
1547 3001 1716 3063 tunc
1762 2995 2070 3062 Fortuna
2116 2998 2453 3077 meretur,

531 3111 691 3161 cum
739 3104 894 3185 post
939 3105 1097 3167 vota
1143 3099 1393 3169 venit.”
1426 3099 1487 3188 4)

531 3196 719 3267 Alibi
785 3222 1061 3291 rursuS,
1133 3205 1444 3274 Fortuna
1512 3209 1590 3273 ut
1659 3205 1981 3272 ministra
2042 3204 2366 3286 deorum,
2437 3199 2722 3268 consilia

444 3306 649 3390 atque
709 3305 986 3375 decreta
1046 3308 1284 3378 divina
1346 3309 1723 3379 conficiens
1741 3361 1758 3393 ,
1825 3308 2256 3399 depingitur3
2315 3325 2598 3394 prorsus
2644 3309 2722 3372 ut

443 3405 595 3475 aliis
642 3410 810 3480 locis
857 3433 1070 3503 supra
1115 3414 1412 3483 laudatis
1460 3420 1563 3483 est
1608 3414 1731 3481 fati
1779 3413 2052 3482 ancilla.
2146 3412 2326 3480 Nam
2360 3409 2720 3479 oraculum

445 3511 802 3602 Pythium,
853 3539 1184 3588 recusans
1230 3520 1464 3589 futura
1509 3519 1815 3608 aperire,
1867 3523 2063 3607 rogat
2108 3522 2313 3608 poeta
2347 3537 2522 3586 num
2556 3535 2720 3583 con-

444 3618 623 3686 sulto
688 3627 943 3708 taceat,
1006 3629 1082 3693 ut
1130 3625 1438 3693 Fortuna
1485 3625 1688 3692 annis
1738 3623 2132 3692 labentibus
2180 3622 2475 3691 concilia
2520 3640 2722 3709 prae-

443 3722 786 3792 destinata
830 3726 1179 3816 perficiat,
1229 3734 1298 3796 et
1343 3729 1638 3798 Brutum
1689 3724 2146 3817 Cassiumque
2192 3728 2452 3796 ultores
2489 3727 2723 3813 reipu-

442 3826 666 3896 blicae
712 3829 971 3900 afferat.
1004 3832 1063 3921 5)
1144 3833 1452 3902 Fortuna
1497 3854 1776 3922 quoque
1823 3833 2003 3919 deis,
2056 3833 2176 3921 qui
2222 3830 2588 3920 provident
2633 3849 2725 3896 ne

532 4067 594 4145 1)
656 4069 858 4129 Phars.
898 4070 980 4128 IV
1006 4087 1021 4129 ε
1051 4074 1184 4129 243.
1269 4069 1358 4130 De
1428 4069 1708 4131 vocabulo
1775 4067 2111 4138 „monstra”
2172 4068 2257 4126 sic
2314 4071 2590 4139 usurpato
2651 4063 2725 4123 cf.

446 4164 619 4223 etiam
658 4165 716 4222 X
745 4182 761 4223 z
792 4169 930 4225 337.

528 4262 589 4333 2)
628 4259 832 4319 Phars.
873 4260 996 4321 IV:
1029 4267 1163 4324 123.
1227 4262 1364 4322 VIII
1392 4280 1409 4321 ε
1440 4266 1555 4322 705
1597 4278 1683 4335 sq.
2007 4260 2067 4331 3)
2109 4256 2311 4318 Phars.
2352 4257 2441 4318 V:
2472 4260 2606 4317 695.

529 4359 590 4428 4)
717 4398 748 4433 „
875 4357 964 4417 Vt
993 4362 1127 4419 581.
1451 4361 1511 4435 5)
1553 4355 1754 4418 Phars.
1797 4355 1886 4416 V:
1915 4357 2253 4414 200-208.
