3434 5159
1533 356 1618 427 51

439 583 759 652 homines
787 581 1159 673 impellunt
1188 581 1539 670 rebusque
1571 580 1978 668 consulunt3
2011 579 2151 650 fata
2180 599 2410 649 moras
2436 580 2632 667 dant,
2659 579 2719 668 ¹)

446 693 675 758 motus
740 693 992 778 parant
1022 687 1115 777 2),
1189 687 1510 754 homines
1572 686 1660 754 ad
1722 685 1981 756 bellum
2050 685 2248 755 civile
2307 685 2626 762 trahunt.
2662 683 2721 772 3)

441 796 515 862 in
549 794 812 864 bellum
845 797 1095 862 vocant
1118 792 1205 882 4),
1239 792 1407 860 dant
1435 811 1790 860 recessum
1813 794 1884 878 ⁵),
1916 792 2274 861 hominem
2298 794 2628 882 premunt
2650 791 2727 876 ⁶),

440 918 552 967 res
609 898 946 988 gerendas
991 897 1277 988 propius
1325 903 1642 984 movent,
1677 898 1736 983 ⁷)
1784 893 2045 985 aliquid
2091 903 2340 987 parant
2370 896 2465 985 8),
2518 895 2726 964 Alex·

445 1004 744 1073 andrum
794 1008 1045 1093 urgent
1074 1000 1174 1090 ⁹):
1223 1002 1345 1071 sed
1392 1001 1591 1091 plura
1638 1002 1956 1092 exempla
2002 1005 2085 1071 de
2119 1002 2258 1071 fato
2290 1003 2390 1071 sic
2422 1001 2728 1070 adhibito

443 1108 855 1177 enumerare
923 1108 1324 1193 omittamus
1343 1160 1359 1191 ,
1435 1123 1525 1174 ne
1585 1107 1695 1175 his
1746 1107 2067 1197 perlectis
2114 1108 2328 1178 lector
2372 1114 2727 1198 pertaesus

443 1234 651 1283 suum
699 1213 916 1302 ipsius
963 1212 1182 1281 fatum
1234 1212 1581 1280 exsecrari
1625 1211 1949 1301 incipiat!

536 1317 648 1386 Nil
730 1316 1132 1386 mirandum
1207 1317 1420 1406 igitur
1487 1317 1547 1385 si
1622 1321 1828 1406 poeta
1903 1317 2039 1386 tale
2104 1317 2324 1387 fatum
2349 1371 2367 1405 ‚
2445 1317 2587 1386 fere
2658 1323 2733 1385 ut
2757 1324 3080 1418 fiiss'ssfffflssfss.
3098 1321 3141 1361 ⁸¹

451 1443 717 1494 numen
780 1422 1183 1511 inductum,
1249 1423 1461 1491 etiam
1523 1441 1760 1489 amore
1827 1427 1947 1491 aut
2008 1422 2164 1491 odio
2220 1422 2546 1492 affectum
2601 1421 2736 1489 sibi

451 1530 776 1597 informat
792 1555 810 1607 3
863 1531 931 1595 et
976 1528 1210 1595 statim
1257 1527 1332 1595 in
1381 1526 1616 1596 oculos
1662 1527 1996 1614 incurrit,
2043 1532 2122 1597 ut
2167 1527 2476 1597 studium
2527 1547 2735 1596 suum

451 1634 766 1722 Pompeii
843 1638 911 1700 et
987 1630 1285 1701 Senatus
1362 1631 1727 1718 ostendat,
1807 1632 2135 1702 omnibus
2216 1631 2530 1701 cladibus
2597 1630 2736 1699 fato

453 1738 819 1808 attributis,
911 1737 1060 1808 Iam
1128 1738 1356 1826 primo
1427 1737 1650 1826 capite
1718 1735 2021 1806 vidimus
2048 1788 2068 1823 2
2137 1737 2500 1807 Lucanum
2572 1737 2737 1804 deos

459 1842 724 1912 Stoicos
770 1842 956 1932 quod
1003 1843 1090 1911 ad
1135 1842 1495 1931 physicam
1532 1841 1812 1929 attinet,
1847 1842 1980 1911 sibi
2013 1840 2272 1933 fingere
2289 1895 2307 1930 ,
2342 1843 2464 1911 sed
2496 1841 2739 1932 procul

461 1968 500 2017 a
560 1948 904 2016 sententia
965 1946 1273 2016 Senecae
1336 1945 1705 2015 abhorrere
1729 2000 1747 2034 ,
1810 1947 1995 2036 quod
2043 1948 2128 2016 ad
2177 1948 2738 2017 informationem

456 2054 843 2122 ethicam
889 2052 1178 2122 deorum
1224 2053 1558 2142 pertinet,
1609 2072 1837 2142 neque
1884 2073 2085 2136 eum,
2133 2058 2213 2123 ut
2243 2051 2544 2140 Seneca,
2578 2052 2743 2120 deos

459 2164 862 2228 mansuetos
931 2157 1438 2247 hominumque
1504 2164 1818 2227 amantes
1895 2158 2248 2229 inducere.
2357 2157 2475 2228 Sic
2534 2158 2744 2227 etiam

461 2282 572 2331 ιω
637 2283 711 2332 se
770 2262 1016 2350 babet,
1073 2281 1235 2332 cum
1282 2262 1369 2331 de
1416 2263 1554 2332 fato
1602 2263 1763 2353 agit.
1854 2263 2036 2334 Tum
2080 2259 2277 2332 dolor
2320 2263 2744 2354 reipublicae

461 2368 721 2436 liberae
782 2368 1077 2436 amissae
1093 2416 1113 2446 ‚
1183 2368 1421 2437 odium
1481 2369 1915 2459 principatus
1931 2422 1949 2456 ,
2011 2370 2114 2437 ira
2175 2369 2523 2438 servitutis
2583 2388 2745 2438 eum

465 2473 861 2559 adducunt,
932 2478 1010 2541 ut
1027 2525 1044 2558 ,
1113 2473 1548 2562 philosophia
1616 2473 1921 2560 deserta,
1996 2473 2225 2543 clades
2295 2494 2540 2542 omnes
2608 2473 2746 2540 fato

464 2576 697 2646 invido
761 2582 830 2645 et
889 2578 1147 2665 invise,
1219 2578 1422 2647 malis
1483 2578 1742 2648 faventi
1786 2575 2147 2669 bonosque
2193 2580 2573 2670 prementi,
2625 2578 2749 2646 tri-

460 2683 649 2752 buat.
744 2682 981 2752 Rebus
1044 2689 1204 2752 ante
1265 2682 1737 2753 Pharsalicam
1799 2704 2111 2774 pugnam
2158 2685 2365 2775 gestis
2413 2684 2713 2753 narratis
2729 2736 2747 2770 ,

460 2788 561 2855 sic
606 2786 981 2856 exclamat:

466 2891 659 2978 „Iam
705 2893 930 2982 magis
977 2897 1184 2982 atque
1231 2893 1452 2983 magis
1499 2913 1832 2984 praeceps
1880 2896 2022 2985 agit
2067 2894 2303 2964 omnia
2350 2893 2635 2964 fatum.'’
2663 2891 2750 2982 ¹⁰)

556 2996 806 3067 Paucis
853 2997 1083 3065 verbis
1131 2998 1352 3084 „mim-⁹
1399 2998 1639 3080 ἔχεις”1

555 3102 642 3169 Et
698 3121 811 3169 res
870 3100 991 3169 illo
1037 3101 1311 3171 funesto
1358 3102 1470 3170 die
1516 3102 1830 3171 Pharsali
1881 3109 2108 3194 gestas
2154 3106 2255 3173 sic
2301 3123 2587 3173 narrare
2635 3104 2746 3172 in·

470 3207 665 3297 cipit:

557 3312 877 3398 „Vicerat
922 3318 1106 3382 astra
1147 3313 1379 3398 iubar,
1430 3333 1592 3382 cum
1638 3312 1856 3381 mixto
1904 3331 2264 3382 murmure
2309 3312 2516 3382 turba

561 3416 961 3486 Castrorum
1007 3419 1323 3503 fremuit,
1372 3418 1731 3507 fatisque
1777 3417 2304 3489 trahentibus
2350 3416 2669 3504 orbem,

557 3522 771 3613 Signa
814 3524 989 3613 petit
1035 3525 1349 3614 pugnae”
1398 3529 1525 3593 etc.
1561 3523 1649 3613 ¹¹)

566 3627 697 3697 Ubi
766 3628 1126 3715 „trahere”
1198 3635 1434 3719 aperte
1493 3628 1681 3698 idem
1742 3627 2085 3719 significat
2149 3647 2230 3697 ac
2293 3629 2610 3716 „trahere
2655 3627 2744 3695 ad

556 3926 614 3999 1)
651 3924 854 3985 Phars.
895 3922 963 3982 1:
991 3927 1123 3982 115.
1655 3926 1715 3996 2)
1765 3920 1967 3982 Phars.
2010 3922 2101 3982 112
2130 3928 2224 3981 68.

557 4020 618 4096 3)
704 4037 770 4096 ·,‚
895 4019 1153 4079 11:287.
1652 4021 1715 4091 4)
1843 4061 1875 4088 „
1997 4017 2257 4078 11:351.

557 4118 617 4191 5)
741 4158 770 4191 „
895 4115 977 4175 IV
999 4138 1014 4173 ι
1040 4118 1177 4175 514.
1651 4118 1712 4188 6)
1839 4157 1867 4190 „
1994 4113 2082 4173 V.
2113 4116 2245 4175 758.

560 4215 619 4285 τ)
745 4254 773 4287 ,,
901 4210 1017 4270 VI:
1040 4215 1176 4270 416.
1652 4212 1714 4284 s>
1838 4252 1875 4283 „
1999 4205 2115 4268 v1=
2140 4213 2275 4270 783.

559 4310 619 4379 9)
745 4351 776 4376 „
899 4305 1115 4365 xzao.
1613 4304 1712 4379 10)
1840 4348 1869 4380 „
1994 4303 2234 4364 V1298.

521 4405 620 4477 11)
746 4446 773 4479 „
899 4401 1048 4461 VII:
1077 4404 1174 4462 45.

2496 4511 2561 4558 4*
