3434 5159
1769 286 1904 355 104

712 519 892 588 filius
982 517 1293 607 Pompeii
1318 570 1335 603 ‚
1429 514 1753 584 omnibus
1831 514 2053 583 modis
2131 513 2574 583 divinationis
2651 512 2973 602 legitimis

711 625 987 714 spretiS,
1036 643 1311 714 magam
1350 621 1842 691 Erichthonem
1864 674 1880 706 ‚
1914 640 2091 710 quae
2118 621 2261 688 vim
2293 619 2439 689 deis
2470 620 2693 688 facere
2723 619 2931 709 possit
2951 671 2969 703 ‚

717 733 891 817 adit,
939 737 1017 801 ut
1062 731 1294 800 futura
1337 728 1471 798 sibi
1516 728 1798 818 aperiat.
1870 728 2104 797 Multis
2136 733 2203 796 et
2236 727 2545 796 mirificis
2576 727 2698 795 sed
2727 746 2972 816 parum

712 839 1013 907 venustis
1074 836 1160 905 de
1218 855 1384 926 saga
1442 834 1771 920 narratis,
1834 833 2164 903 Erichtho
2225 833 2580 923 respondit
2642 854 2716 902 se
2780 831 2973 901 facile

713 944 1065 1012 hominem
1100 948 1452 1012 mortuum
1485 940 1572 1008 ab
1603 938 1842 1009 inferis
1875 941 2332 1010 excitaturam
2356 960 2536 1026 esse,
2574 941 2696 1029 qui
2716 939 2978 1008 futuras

716 1070 824 1118 res
872 1050 1191 1139 aperiret.

804 1153 1102 1245 Aliquod
1151 1154 1443 1223 cadaver
1487 1154 1711 1246 eligit,
1761 1175 1886 1244 per
1931 1154 2295 1243 scopulum
2343 1155 2415 1222 in
2464 1159 2744 1223 antrum
2776 1172 2977 1222 suum

717 1261 924 1330 trahit
948 1315 964 1345 ‚
1043 1266 1322 1351 pectora
1397 1261 1650 1330 mortui
1728 1260 2065 1350 sanguine
2142 1260 2460 1350 supplet,
2538 1260 2726 1350 large
2794 1260 2978 1328 virus

715 1367 958 1436 lunare
1034 1367 1419 1451 ministrat,
1499 1367 1736 1437 multis
1813 1367 1964 1435 alfis
2033 1366 2240 1435 rebus
2264 1418 2283 1452 ,
2361 1387 2610 1456 spuma
2686 1385 2939 1435 canum
2962 1419 2979 1452 ‚

720 1473 1095 1543 visceribus
1170 1472 1424 1562 lyncis,
1495 1473 1799 1542 medulla
1868 1473 2051 1540 cervi
2122 1472 2388 1559 mixtiS,
2461 1473 2763 1561 deosque
2836 1471 2982 1539 dire

596 1626 605 1639 .
721 1585 1072 1665 excantat,
1137 1580 1233 1647 ita
1295 1584 1369 1649 ut
1425 1585 1739 1649 mortuus
1800 1578 2136 1668 paulatim
2182 1579 2304 1648 sed
2348 1579 2607 1648 invitus
2653 1579 2727 1645 in
2775 1579 2983 1647 vitam

719 1684 985 1770 redeat,
1057 1691 1126 1753 et
1195 1706 1234 1754 a
1294 1705 1454 1774 saga
1518 1686 1745 1755 iussus
1806 1685 2036 1755 futura
2097 1684 2521 1775 significare,
2586 1684 2982 1775 singulatim

722 1798 953 1859 narret
1013 1811 1189 1879 quae
1248 1794 1322 1859 in
1385 1791 1621 1860 inferis
1683 1791 1963 1877 viderit;
2027 1792 2275 1861 futuris
2318 1792 2529 1861 rebus
2576 1791 2941 1880 praedictis
2965 1844 2981 1876 ‚

728 1898 978 1966 iterum
1026 1898 1335 1968 moritur.

817 2003 998 2084 Quid
1045 2004 1185 2071 iam
1230 2010 1471 2093 poetae
1517 2004 1947 2095 propositum
1988 2004 2096 2073 his
2137 2005 2344 2073 rebus
2391 2004 2755 2073 narrandis
2788 2005 2985 2072 erat‘?

735 2108 1039 2178 Suamne
1085 2110 1302 2198 ipsius
1347 2111 1762 2178 sententiam
1810 2110 1895 2179 de
1941 2111 2178 2180 inferis
2223 2111 2530 2200 promit‘?
2584 2110 2710 2179 Illa
2741 2129 2986 2198 necyo-

735 2216 996 2283 mantia
1058 2221 1239 2284 certe
1300 2236 1443 2284 non
1508 2236 1668 2285 cum
1715 2215 2027 2285 doctrina
2074 2216 2460 2287 Stoicorum
2481 2271 2496 2302 ‚
2562 2217 2684 2306 qui
2728 2217 2857 2284 hac
2902 2215 2989 2283 de

728 2341 804 2389 re
866 2321 1039 2389 nihil
1102 2321 1474 2407 docebant,
1538 2322 1659 2390 sed
1723 2342 1883 2392 cum
1945 2324 2270 2412 opinione
2325 2323 2588 2413 vulgari
2635 2322 2986 2391 cohaeret:

732 2446 896 2495 nam
966 2428 1128 2496 satis
1199 2433 1465 2496 constat
1534 2428 1663 2497 sub
1734 2427 2272 2519 Imperatoribus
2341 2429 2742 2520 saepissime
2802 2428 2991 2497 illam

732 2533 1205 2601 detestabilem
1261 2554 1347 2601 ex
1392 2534 1629 2602 inferis
1677 2536 2147 2603 evocationem
2195 2542 2456 2604 secreto
2493 2536 2754 2604 factam
2801 2554 2990 2619 esse3

732 2639 902 2729 quin
960 2638 1321 2724 homines,
1394 2640 1737 2729 imprimis
1799 2642 1978 2708 servi
2040 2646 2107 2709 et
2167 2642 2362 2731 parvi
2424 2641 2623 2709 liberi
2686 2660 2839 2708 eam
2905 2639 2995 2706 ob

730 2765 878 2812 rem
945 2744 1172 2813 necati
1219 2765 1367 2813 esse
1415 2745 1857 2832 dicebantur,
1907 2747 2090 2834 quod
2139 2767 2250 2815 ars
2297 2748 2566 2838 magica
2612 2745 2996 2837 plurimum

730 2851 805 2918 in
851 2871 967 2918 eos
1013 2851 1297 2937 valeret,
1324 2853 1382 2940 1)
1431 2853 1553 2941 qui
1586 2852 1883 2921 violenta
1915 2858 2032 2922 aut
2064 2860 2336 2923 matura
2369 2859 2589 2923 morte
2622 2854 2994 2948 perierant.

731 2956 1021 3026 Prorsus
1083 2963 1161 3026 ut
1220 2957 1423 3025 hodie
1486 2958 1808 3029 nonnulli
1869 2979 1906 3027 e
1968 2960 2353 3051 praestigiis
2413 2960 2774 3028 hominum
2822 2978 2996 3047 quo-

733 3062 1030 3133 rundam
1048 3117 1065 3150 ,
1102 3063 1221 3154 qui
1252 3064 1583 3134 simulent
1612 3085 1686 3132 se
1718 3067 2215 3136 commercium
2249 3066 2501 3135 habere
2536 3086 2695 3135 cum
2726 3065 2999 3135 umbris

738 3175 1167 3263 mortuorum
1199 3219 1217 3256 ,
1283 3189 1631 3239 summam
1701 3170 2228 3240 delectationem
2296 3173 2719 3262 percipiunt,
2790 3172 2998 3239 etiam

736 3276 1037 3345 Romani
1104 3276 1399 3345 libenter
1459 3276 1709 3346 talibus
1773 3278 2042 3347 arcanis
2103 3278 2271 3347 diris
2333 3285 2401 3348 et
2463 3277 3001 3348 exsecrabilibus

741 3383 1133 3452 credebant.

830 3487 1198 3559 Suetonius
1241 3489 1300 3577 2)
1368 3494 1604 3557 narrat
1654 3488 2004 3558 Neronem
2023 3543 2040 3576 ,
2087 3509 2283 3558 sacro
2330 3510 2454 3579 per
2500 3490 2736 3580 Magos
2781 3489 2960 3557 facto
2982 3542 2999 3575 ‚

741 3595 977 3661 matris
1039 3615 1280 3663 manes
1347 3615 1631 3663 evocare
1694 3600 1763 3662 et
1824 3616 2108 3664 exorare
2168 3601 2539 3686 temptasse
2556 3619 2573 3683 3
2648 3597 2856 3664 etiam
2919 3617 3004 3662 ex

738 3701 887 3769 aliis
945 3700 1114 3769 locis
1181 3707 1467 3790 apparet
1528 3722 1688 3771 eum
1707 3755 1725 3788 ,
1792 3703 1879 3771 ab
1940 3703 2243 3771 Tiridate
2298 3703 2646 3771 initiatum
2666 3757 2683 3790 ,
2731 3722 3006 3771 summa

736 3807 1022 3875 libidine
1085 3827 1158 3875 se
1222 3807 1484 3877 artibus
1548 3808 1837 3899 magicis
1883 3807 2174 3877 dedisse.
2267 3808 2720 3878 Doctissimus
2767 3809 3004 3876 Fried-

819 4072 877 4144 1)
920 4068 1005 4129 Of.
1063 4070 1133 4130 de
1171 4070 1524 4131 Erichthone
1561 4071 1816 4131 V12529
1842 4087 1964 4147 sq.,
2009 4072 2315 4145 556—61,
2361 4076 2665 4146 705—10,
2710 4071 3010 4142 „exaudite

736 4182 935 4240 preces
949 4211 966 4242 ‚
1010 4167 1061 4225 si
1088 4167 1215 4240 quis
1231 4212 1247 4242 ,
1286 4183 1411 4226 cum
1439 4168 1644 4227 vestris
1673 4172 1845 4241 caput
1871 4172 2114 4244 extaque
2138 4167 2395 4227 lancibus
2410 4211 2428 4242 ,
2455 4166 2645 4228 infans
2661 4212 2678 4244 ,
2707 4168 3008 4248 imposuit,

739 4263 991 4323 victurus
1033 4262 1219 4324 erat.”

824 4360 890 4443 2)
933 4360 1020 4422 Cf.
1061 4360 1220 4425 Suet.
1261 4361 1329 4423 V.
1373 4360 1511 4424 Ner.
1557 4358 1620 4424 C.
1664 4363 1760 4423 34.
