<?xml version="1.0" encoding="UTF-8"?>
<!DOCTYPE html PUBLIC "-//W3C//DTD XHTML 1.0 Transitional//EN"
    "http://www.w3.org/TR/xhtml1/DTD/xhtml1-transitional.dtd">
<html xmlns="http://www.w3.org/1999/xhtml" xml:lang="en" lang="en">
 <head>
  <title>
</title>
<meta http-equiv="Content-Type" content="text/html;charset=utf-8" />
  <meta name='ocr-system' content='tesseract 3.04.00' />
  <meta name='ocr-capabilities' content='ocr_page ocr_carea ocr_par ocr_line ocrx_word'/>
</head>
<body>
  <div class='ocr_page' id='page_1' title='image "./lucanisententia00millgoog_0061.png"; bbox 0 0 3434 5159; ppageno 0'>
   <div class='ocr_carea' id='block_1_1' title="bbox 1564 292 1655 365">
    <p class='ocr_par' dir='ltr' id='par_1_1' title="bbox 1564 292 1655 365">
     <span class='ocr_line' id='line_1_1' title="bbox 1564 292 1655 365; baseline 0 0"><span class='ocrx_word' id='word_1_1' title='bbox 1564 292 1655 365; x_wconf 84' lang='lat'><strong>49</strong></span> 
     </span>
    </p>
   </div>
   <div class='ocr_carea' id='block_1_2' title="bbox 459 510 3167 3248">
    <p class='ocr_par' dir='ltr' id='par_1_2' title="bbox 641 510 2459 721">
     <span class='ocr_line' id='line_1_2' title="bbox 651 510 2459 612; baseline -0.004 -16"><span class='ocrx_word' id='word_1_2' title='bbox 651 527 826 612; x_wconf 84' lang='lat' dir='ltr'><strong>Aut,</strong></span> <span class='ocrx_word' id='word_1_3' title='bbox 873 524 1011 594; x_wconf 91' lang='lat' dir='ltr'><strong>nisi</strong></span> <span class='ocrx_word' id='word_1_4' title='bbox 1054 522 1195 591; x_wconf 81' lang='lat' dir='ltr'><strong>fata</strong></span> <span class='ocrx_word' id='word_1_5' title='bbox 1239 520 1484 589; x_wconf 90' lang='lat' dir='ltr'><strong>darent</strong></span> <span class='ocrx_word' id='word_1_6' title='bbox 1528 510 1742 608; x_wconf 84' lang='lat' dir='ltr'><strong>leges·</strong></span> <span class='ocrx_word' id='word_1_7' title='bbox 1763 519 2081 608; x_wconf 86' lang='lat' dir='ltr'><strong>vitaeque</strong></span> <span class='ocrx_word' id='word_1_8' title='bbox 2128 520 2459 611; x_wconf 84' lang='lat' dir='ltr'>necisque</span> 
     </span>
     <span class='ocr_line' id='line_1_3' title="bbox 641 623 1955 721; baseline -0.007 -20"><span class='ocrx_word' id='word_1_9' title='bbox 641 632 978 721; x_wconf 84' lang='lat' dir='ltr'><strong>fugissent</strong></span> <span class='ocrx_word' id='word_1_10' title='bbox 1023 629 1220 717; x_wconf 90' lang='lat' dir='ltr'><strong>ignes</strong></span> <span class='ocrx_word' id='word_1_11' title='bbox 1266 624 1580 694; x_wconf 80' lang='lat' dir='ltr'><strong>Aeneam</strong></span> <span class='ocrx_word' id='word_1_12' title='bbox 1598 623 1680 691; x_wconf 71' lang='lat'><strong>‘2‘’</strong></span> <span class='ocrx_word' id='word_1_13' title='bbox 1732 629 1863 693; x_wconf 91' lang='lat' dir='ltr'><strong>etc.</strong></span> <span class='ocrx_word' id='word_1_14' title='bbox 1896 623 1955 714; x_wconf 88' lang='lat'><strong>1)</strong></span> 
     </span>
    </p>

    <p class='ocr_par' dir='ltr' id='par_1_3' title="bbox 459 729 2738 929">
     <span class='ocr_line' id='line_1_4' title="bbox 550 729 2738 820; baseline -0.003 -15"><span class='ocrx_word' id='word_1_15' title='bbox 550 736 849 805; x_wconf 88' lang='lat' dir='ltr'><strong>Omnem</strong></span> <span class='ocrx_word' id='word_1_16' title='bbox 897 731 1568 802; x_wconf 83' lang='lat' dir='ltr'><strong>administrationem</strong></span> <span class='ocrx_word' id='word_1_17' title='bbox 1616 729 1893 816; x_wconf 87' lang='lat' dir='ltr'><strong>mundi,</strong></span> <span class='ocrx_word' id='word_1_18' title='bbox 1942 735 2161 798; x_wconf 90' lang='lat' dir='ltr'><strong>totam</strong></span> <span class='ocrx_word' id='word_1_19' title='bbox 2205 749 2441 802; x_wconf 91' lang='lat' dir='ltr'><strong>rerum</strong></span> <span class='ocrx_word' id='word_1_20' title='bbox 2486 750 2738 820; x_wconf 91' lang='lat' dir='ltr'><strong>procu-</strong></span> 
     </span>
     <span class='ocr_line' id='line_1_5' title="bbox 459 833 2082 929; baseline -0.004 -19"><span class='ocrx_word' id='word_1_21' title='bbox 459 844 804 912; x_wconf 83' lang='lat' dir='ltr'><strong>rationem</strong></span> <span class='ocrx_word' id='word_1_22' title='bbox 849 841 1094 929; x_wconf 89' lang='lat' dir='ltr'><strong>igitur,</strong></span> <span class='ocrx_word' id='word_1_23' title='bbox 1144 836 1283 904; x_wconf 80' lang='lat' dir='ltr'><strong>fato</strong></span> <span class='ocrx_word' id='word_1_24' title='bbox 1330 835 1404 903; x_wconf 90' lang='lat' dir='ltr'><strong>hi</strong></span> <span class='ocrx_word' id='word_1_25' title='bbox 1450 839 1697 925; x_wconf 91' lang='lat' dir='ltr'><strong>poetae</strong></span> <span class='ocrx_word' id='word_1_26' title='bbox 1743 833 2082 904; x_wconf 89' lang='lat' dir='ltr'><strong>tribuunt.</strong></span> 
     </span>
    </p>

    <p class='ocr_par' dir='ltr' id='par_1_4' title="bbox 462 929 3160 1355">
     <span class='ocr_line' id='line_1_6' title="bbox 554 929 3160 1059; baseline -0.004 -43"><span class='ocrx_word' id='word_1_27' title='bbox 554 946 701 1016; x_wconf 90' lang='lat' dir='ltr'><strong>Nec</strong></span> <span class='ocrx_word' id='word_1_28' title='bbox 747 946 977 1013; x_wconf 90' lang='lat' dir='ltr'><strong>minor</strong></span> <span class='ocrx_word' id='word_1_29' title='bbox 1022 942 1143 1011; x_wconf 87' lang='lat' dir='ltr'><strong>fati</strong></span> <span class='ocrx_word' id='word_1_30' title='bbox 1189 942 1291 1010; x_wconf 86' lang='lat' dir='ltr'><strong>vis</strong></span> <span class='ocrx_word' id='word_1_31' title='bbox 1323 940 1510 1031; x_wconf 91' lang='lat' dir='ltr'><strong>apud</strong></span> <span class='ocrx_word' id='word_1_32' title='bbox 1542 940 1908 1009; x_wconf 89' lang='lat' dir='ltr'><strong>Lucanum</strong></span> <span class='ocrx_word' id='word_1_33' title='bbox 1940 929 2254 1010; x_wconf 79' lang='lat' dir='ltr'><strong>videtur.‘</strong></span> <span class='ocrx_word' id='word_1_34' title='bbox 2277 940 2426 1010; x_wconf 90' lang='lat' dir='ltr'><strong>Iam</strong></span> <span class='ocrx_word' id='word_1_35' title='bbox 2458 942 2744 1011; x_wconf 90' lang='lat' dir='ltr'><strong>ineunte</strong></span> <span class='ocrx_word' id='word_1_36' title='bbox 2773 965 2849 1059; x_wconf 56' lang='lat' dir='ltr'><strong>Vi?-</strong></span> <span class='ocrx_word' id='word_1_37' title='bbox 2870 967 2945 1007; x_wconf 62' lang='lat' dir='ltr'><strong>fau</strong></span> <span class='ocrx_word' id='word_1_38' title='bbox 2973 967 3013 1007; x_wconf 70' lang='grc' dir='ltr'><strong>ει.</strong></span> <span class='ocrx_word' id='word_1_39' title='bbox 3037 965 3160 1007; x_wconf 65' lang='lat' dir='ltr'><strong>ruar-</strong></span> 
     </span>
     <span class='ocr_line' id='line_1_7' title="bbox 462 1031 2896 1137; baseline -0.004 -15"><span class='ocrx_word' id='word_1_40' title='bbox 462 1054 771 1123; x_wconf 87' lang='lat' dir='ltr'><strong>carmine</strong></span> <span class='ocrx_word' id='word_1_41' title='bbox 788 1104 805 1137; x_wconf 93' lang='lat'>,</span> <span class='ocrx_word' id='word_1_42' title='bbox 898 1070 1060 1120; x_wconf 90' lang='lat' dir='ltr'><strong>cum</strong></span> <span class='ocrx_word' id='word_1_43' title='bbox 1144 1066 1389 1117; x_wconf 83' lang='lat' dir='ltr'><strong>causas</strong></span> <span class='ocrx_word' id='word_1_44' title='bbox 1468 1051 1824 1115; x_wconf 90' lang='lat' dir='ltr'><strong>tantarum</strong></span> <span class='ocrx_word' id='word_1_45' title='bbox 1895 1065 2131 1115; x_wconf 87' lang='lat' dir='ltr'><strong>rerum</strong></span> <span class='ocrx_word' id='word_1_46' title='bbox 2201 1048 2652 1136; x_wconf 80' lang='lat' dir='ltr'><strong>expositurus</strong></span> <span class='ocrx_word' id='word_1_47' title='bbox 2711 1067 2751 1114; x_wconf 91' lang='lat' dir='ltr'><strong>a</strong></span> <span class='ocrx_word' id='word_1_48' title='bbox 2775 1031 2821 1060; x_wconf 77' lang='lat'><strong>⁸⁸</strong></span> <span class='ocrx_word' id='word_1_49' title='bbox 2838 1031 2896 1062; x_wconf 76' lang='lat'><strong>²⁸·</strong></span> 
     </span>
     <span class='ocr_line' id='line_1_8' title="bbox 464 1151 2744 1248; baseline -0.004 -20"><span class='ocrx_word' id='word_1_50' title='bbox 464 1181 538 1229; x_wconf 89' lang='lat' dir='ltr'><strong>se</strong></span> <span class='ocrx_word' id='word_1_51' title='bbox 585 1158 893 1248; x_wconf 87' lang='lat' dir='ltr'><strong>quaerit,</strong></span> <span class='ocrx_word' id='word_1_52' title='bbox 944 1154 1157 1245; x_wconf 92' lang='lat' dir='ltr'><strong>„quid</strong></span> <span class='ocrx_word' id='word_1_53' title='bbox 1204 1154 1280 1221; x_wconf 91' lang='lat' dir='ltr'><strong>in</strong></span> <span class='ocrx_word' id='word_1_54' title='bbox 1326 1171 1524 1221; x_wconf 91' lang='lat' dir='ltr'><strong>arma</strong></span> <span class='ocrx_word' id='word_1_55' title='bbox 1569 1151 1917 1220; x_wconf 84' lang='lat' dir='ltr'><strong>furentem</strong></span> <span class='ocrx_word' id='word_1_56' title='bbox 1964 1151 2318 1242; x_wconf 90' lang='lat' dir='ltr'><strong>impulerit</strong></span> <span class='ocrx_word' id='word_1_57' title='bbox 2368 1152 2744 1242; x_wconf 90' lang='lat' dir='ltr'><strong>populum,</strong></span> 
     </span>
     <span class='ocr_line' id='line_1_9' title="bbox 464 1256 2461 1355; baseline -0.005 -23"><span class='ocrx_word' id='word_1_58' title='bbox 464 1265 629 1355; x_wconf 89' lang='lat' dir='ltr'><strong>quid</strong></span> <span class='ocrx_word' id='word_1_59' title='bbox 675 1282 923 1354; x_wconf 90' lang='lat' dir='ltr'><strong>pacem</strong></span> <span class='ocrx_word' id='word_1_60' title='bbox 970 1258 1353 1332; x_wconf 84' lang='lat' dir='ltr'><strong>excusserit</strong></span> <span class='ocrx_word' id='word_1_61' title='bbox 1400 1256 1551 1326; x_wconf 91' lang='lat' dir='ltr'><strong>orbi</strong></span> <span class='ocrx_word' id='word_1_62' title='bbox 1570 1257 1625 1345; x_wconf 84' lang='lat'><strong>‚”</strong></span> <span class='ocrx_word' id='word_1_63' title='bbox 1658 1256 1718 1345; x_wconf 74' lang='lat'><strong>2)</strong></span> <span class='ocrx_word' id='word_1_64' title='bbox 1770 1258 2007 1325; x_wconf 90' lang='lat' dir='ltr'><strong>statim</strong></span> <span class='ocrx_word' id='word_1_65' title='bbox 2053 1257 2461 1348; x_wconf 76' lang='lat' dir='ltr'><strong>respondetz</strong></span> 
     </span>
    </p>

    <p class='ocr_par' dir='ltr' id='par_1_5' title="bbox 1088 1362 2136 1453">
     <span class='ocr_line' id='line_1_10' title="bbox 1088 1362 2136 1453; baseline -0.002 -21"><span class='ocrx_word' id='word_1_66' title='bbox 1088 1363 1369 1451; x_wconf 86' lang='lat' dir='ltr'><strong>„invida</strong></span> <span class='ocrx_word' id='word_1_67' title='bbox 1414 1362 1716 1432; x_wconf 89' lang='lat' dir='ltr'><strong>fatorum</strong></span> <span class='ocrx_word' id='word_1_68' title='bbox 1768 1362 2041 1449; x_wconf 87' lang='lat' dir='ltr'><strong>series&#39;’;</strong></span> <span class='ocrx_word' id='word_1_69' title='bbox 2076 1364 2136 1453; x_wconf 76' lang='grc'><strong>8)</strong></span> 
     </span>
    </p>

    <p class='ocr_par' dir='ltr' id='par_1_6' title="bbox 464 1466 3167 3035">
     <span class='ocr_line' id='line_1_11' title="bbox 466 1466 2751 1565; baseline -0.002 -23"><span class='ocrx_word' id='word_1_70' title='bbox 466 1473 649 1565; x_wconf 90' lang='lat' dir='ltr'><strong>quod</strong></span> <span class='ocrx_word' id='word_1_71' title='bbox 695 1491 942 1562; x_wconf 89' lang='lat' dir='ltr'><strong>reapse</strong></span> <span class='ocrx_word' id='word_1_72' title='bbox 990 1469 1489 1559; x_wconf 85' lang='lat' dir='ltr'><strong>„contradictio</strong></span> <span class='ocrx_word' id='word_1_73' title='bbox 1521 1468 1598 1536; x_wconf 93' lang='lat' dir='ltr'><strong>in</strong></span> <span class='ocrx_word' id='word_1_74' title='bbox 1631 1468 1992 1537; x_wconf 84' lang='lat' dir='ltr'><strong>terminis&#39;’</strong></span> <span class='ocrx_word' id='word_1_75' title='bbox 2021 1466 2293 1538; x_wconf 86' lang='lat' dir='ltr'><strong>videtur</strong></span> <span class='ocrx_word' id='word_1_76' title='bbox 2312 1522 2330 1556; x_wconf 93' lang='lat'>,</span> <span class='ocrx_word' id='word_1_77' title='bbox 2366 1489 2533 1537; x_wconf 90' lang='lat' dir='ltr'><strong>nam</strong></span> <span class='ocrx_word' id='word_1_78' title='bbox 2558 1469 2751 1537; x_wconf 92' lang='lat' dir='ltr'><strong>notio</strong></span> 
     </span>
     <span class='ocr_line' id='line_1_12' title="bbox 464 1575 2750 1666; baseline -0.001 -19"><span class='ocrx_word' id='word_1_79' title='bbox 464 1581 585 1648; x_wconf 84' lang='lat' dir='ltr'><strong>fati</strong></span> <span class='ocrx_word' id='word_1_80' title='bbox 645 1584 750 1647; x_wconf 90' lang='lat' dir='ltr'><strong>est</strong></span> <span class='ocrx_word' id='word_1_81' title='bbox 813 1577 1106 1647; x_wconf 90' lang='lat' dir='ltr'><strong>alicuius</strong></span> <span class='ocrx_word' id='word_1_82' title='bbox 1168 1575 1528 1666; x_wconf 89' lang='lat' dir='ltr'><strong>potestatis</strong></span> <span class='ocrx_word' id='word_1_83' title='bbox 1593 1593 1840 1643; x_wconf 89' lang='lat' dir='ltr'><strong>caecae</strong></span> <span class='ocrx_word' id='word_1_84' title='bbox 1902 1579 2107 1663; x_wconf 91' lang='lat' dir='ltr'><strong>atque</strong></span> <span class='ocrx_word' id='word_1_85' title='bbox 2153 1594 2363 1644; x_wconf 90' lang='lat' dir='ltr'><strong>sensu</strong></span> <span class='ocrx_word' id='word_1_86' title='bbox 2411 1576 2716 1644; x_wconf 84' lang='lat' dir='ltr'><strong>carentis</strong></span> <span class='ocrx_word' id='word_1_87' title='bbox 2734 1628 2750 1661; x_wconf 90' lang='lat'>‚</span> 
     </span>
     <span class='ocr_line' id='line_1_13' title="bbox 466 1679 3167 1794; baseline -0.003 -41"><span class='ocrx_word' id='word_1_88' title='bbox 466 1705 643 1775; x_wconf 92' lang='lat' dir='ltr'><strong>quae</strong></span> <span class='ocrx_word' id='word_1_89' title='bbox 706 1683 1056 1773; x_wconf 89' lang='lat' dir='ltr'><strong>quomodo</strong></span> <span class='ocrx_word' id='word_1_90' title='bbox 1118 1682 1402 1750; x_wconf 93' lang='lat' dir='ltr'><strong>tandem</strong></span> <span class='ocrx_word' id='word_1_91' title='bbox 1466 1679 1792 1768; x_wconf 86' lang='lat' dir='ltr'><strong>„invida”</strong></span> <span class='ocrx_word' id='word_1_92' title='bbox 1856 1700 2007 1749; x_wconf 90' lang='lat' dir='ltr'><strong>esse</strong></span> <span class='ocrx_word' id='word_1_93' title='bbox 2068 1686 2292 1770; x_wconf 90' lang='lat' dir='ltr'><strong>potest</strong></span> <span class='ocrx_word' id='word_1_94' title='bbox 2308 1681 2384 1748; x_wconf 54' lang='lat'><strong>‘2‘</strong></span> <span class='ocrx_word' id='word_1_95' title='bbox 2436 1679 2583 1749; x_wconf 90' lang='lat' dir='ltr'><strong>Iam</strong></span> <span class='ocrx_word' id='word_1_96' title='bbox 2631 1680 2747 1748; x_wconf 90' lang='lat' dir='ltr'><strong>hic</strong></span> <span class='ocrx_word' id='word_1_97' title='bbox 2772 1690 3167 1794; x_wconf 53' lang='lat' dir='ltr'><strong>{ggtffgftiguggg</strong></span> 
     </span>
     <span class='ocr_line' id='line_1_14' title="bbox 468 1774 3046 1880; baseline -0.004 -21"><span class='ocrx_word' id='word_1_98' title='bbox 468 1795 786 1880; x_wconf 88' lang='lat' dir='ltr'><strong>apparet,</strong></span> <span class='ocrx_word' id='word_1_99' title='bbox 835 1793 915 1858; x_wconf 91' lang='lat' dir='ltr'><strong>ut</strong></span> <span class='ocrx_word' id='word_1_100' title='bbox 958 1793 1164 1879; x_wconf 87' lang='lat' dir='ltr'><strong>poeta</strong></span> <span class='ocrx_word' id='word_1_101' title='bbox 1207 1786 1428 1856; x_wconf 80' lang='lat' dir='ltr'><strong>fatum</strong></span> <span class='ocrx_word' id='word_1_102' title='bbox 1476 1786 1676 1875; x_wconf 88' lang='lat' dir='ltr'><strong>quasi</strong></span> <span class='ocrx_word' id='word_1_103' title='bbox 1705 1805 1974 1855; x_wconf 92' lang='lat' dir='ltr'><strong>numen</strong></span> <span class='ocrx_word' id='word_1_104' title='bbox 2008 1786 2349 1876; x_wconf 89' lang='lat' dir='ltr'><strong>cogitans,</strong></span> <span class='ocrx_word' id='word_1_105' title='bbox 2386 1785 2746 1855; x_wconf 81' lang='lat' dir='ltr'><strong>affectibus</strong></span> <span class='ocrx_word' id='word_1_106' title='bbox 2772 1807 2867 1838; x_wconf 65' lang='lat' dir='ltr'><strong>nam</strong></span> <span class='ocrx_word' id='word_1_107' title='bbox 2895 1774 3046 1848; x_wconf 58' lang='lat' dir='ltr'><strong>probit-</strong></span> 
     </span>
     <span class='ocr_line' id='line_1_15' title="bbox 467 1890 2753 1983; baseline -0.002 -19"><span class='ocrx_word' id='word_1_108' title='bbox 467 1900 896 1964; x_wconf 90' lang='lat' dir='ltr'><strong>commotum</strong></span> <span class='ocrx_word' id='word_1_109' title='bbox 915 1944 932 1972; x_wconf 91' lang='lat'><em>,</em></span> <span class='ocrx_word' id='word_1_110' title='bbox 997 1894 1132 1963; x_wconf 89' lang='lat' dir='ltr'><strong>sibi</strong></span> <span class='ocrx_word' id='word_1_111' title='bbox 1192 1891 1443 1983; x_wconf 86' lang='lat' dir='ltr'><strong>fingat,</strong></span> <span class='ocrx_word' id='word_1_112' title='bbox 1507 1896 1574 1960; x_wconf 86' lang='lat' dir='ltr'><strong>et</strong></span> <span class='ocrx_word' id='word_1_113' title='bbox 1629 1892 1822 1980; x_wconf 87' lang='lat' dir='ltr'><strong>quali</strong></span> <span class='ocrx_word' id='word_1_114' title='bbox 1868 1893 1937 1960; x_wconf 86' lang='lat' dir='ltr'><strong>vi</strong></span> <span class='ocrx_word' id='word_1_115' title='bbox 1983 1890 2365 1961; x_wconf 90' lang='lat' dir='ltr'><strong>dramatica</strong></span> <span class='ocrx_word' id='word_1_116' title='bbox 2410 1892 2632 1961; x_wconf 86' lang='lat' dir='ltr'><strong>fatum</strong></span> <span class='ocrx_word' id='word_1_117' title='bbox 2679 1892 2753 1959; x_wconf 92' lang='lat' dir='ltr'><strong>in</strong></span> 
     </span>
     <span class='ocr_line' id='line_1_16' title="bbox 465 1996 2753 2086; baseline -0.001 -18"><span class='ocrx_word' id='word_1_118' title='bbox 465 2000 823 2070; x_wconf 88' lang='lat' dir='ltr'><strong>Pharsalia</strong></span> <span class='ocrx_word' id='word_1_119' title='bbox 877 1999 1315 2069; x_wconf 84' lang='lat' dir='ltr'><strong>adhibiturus</strong></span> <span class='ocrx_word' id='word_1_120' title='bbox 1362 1998 1484 2066; x_wconf 90' lang='lat' dir='ltr'><strong>sit:</strong></span> <span class='ocrx_word' id='word_1_121' title='bbox 1535 1996 1790 2066; x_wconf 81' lang='lat' dir='ltr'><strong>frustra</strong></span> <span class='ocrx_word' id='word_1_122' title='bbox 1835 1996 1950 2065; x_wconf 91' lang='lat' dir='ltr'><strong>ille</strong></span> <span class='ocrx_word' id='word_1_123' title='bbox 1997 1998 2303 2086; x_wconf 90' lang='lat' dir='ltr'><strong>optimus</strong></span> <span class='ocrx_word' id='word_1_124' title='bbox 2349 2003 2418 2066; x_wconf 90' lang='lat' dir='ltr'><strong>et</strong></span> <span class='ocrx_word' id='word_1_125' title='bbox 2463 1997 2753 2066; x_wconf 90' lang='lat' dir='ltr'><strong>nobilis·</strong></span> 
     </span>
     <span class='ocr_line' id='line_1_17' title="bbox 467 2102 2756 2195; baseline -0.002 -21"><span class='ocrx_word' id='word_1_126' title='bbox 467 2107 686 2175; x_wconf 90' lang='lat' dir='ltr'><strong>simus</strong></span> <span class='ocrx_word' id='word_1_127' title='bbox 733 2107 839 2174; x_wconf 91' lang='lat' dir='ltr'><strong>vir</strong></span> <span class='ocrx_word' id='word_1_128' title='bbox 882 2105 1259 2195; x_wconf 90' lang='lat' dir='ltr'><strong>Pompeius</strong></span> <span class='ocrx_word' id='word_1_129' title='bbox 1306 2123 1432 2193; x_wconf 91' lang='lat' dir='ltr'><strong>pro</strong></span> <span class='ocrx_word' id='word_1_130' title='bbox 1464 2102 1783 2170; x_wconf 88' lang='lat' dir='ltr'><strong>libertate</strong></span> <span class='ocrx_word' id='word_1_131' title='bbox 1816 2103 2136 2171; x_wconf 91' lang='lat' dir='ltr'><strong>Romana</strong></span> <span class='ocrx_word' id='word_1_132' title='bbox 2168 2107 2469 2193; x_wconf 88' lang='lat' dir='ltr'><strong>pugnat,</strong></span> <span class='ocrx_word' id='word_1_133' title='bbox 2502 2102 2756 2172; x_wconf 84' lang='lat' dir='ltr'><strong>frustra</strong></span> 
     </span>
     <span class='ocr_line' id='line_1_18' title="bbox 467 2206 2753 2297; baseline -0.003 -17"><span class='ocrx_word' id='word_1_134' title='bbox 467 2211 634 2280; x_wconf 91' lang='lat' dir='ltr'><strong>Cato</strong></span> <span class='ocrx_word' id='word_1_135' title='bbox 653 2264 671 2297; x_wconf 90' lang='lat'>‚</span> <span class='ocrx_word' id='word_1_136' title='bbox 741 2212 952 2279; x_wconf 92' lang='lat' dir='ltr'><strong>homo</strong></span> <span class='ocrx_word' id='word_1_137' title='bbox 1016 2214 1299 2279; x_wconf 85' lang='lat' dir='ltr'><strong>sanctus</strong></span> <span class='ocrx_word' id='word_1_138' title='bbox 1319 2261 1336 2294; x_wconf 93' lang='lat'>,</span> <span class='ocrx_word' id='word_1_139' title='bbox 1409 2213 1478 2276; x_wconf 94' lang='lat' dir='ltr'><strong>et</strong></span> <span class='ocrx_word' id='word_1_140' title='bbox 1523 2208 1828 2297; x_wconf 90' lang='lat' dir='ltr'><strong>optimus</strong></span> <span class='ocrx_word' id='word_1_141' title='bbox 1874 2207 2170 2297; x_wconf 88' lang='lat' dir='ltr'><strong>quisque</strong></span> <span class='ocrx_word' id='word_1_142' title='bbox 2217 2208 2544 2276; x_wconf 85' lang='lat' dir='ltr'><strong>extremis</strong></span> <span class='ocrx_word' id='word_1_143' title='bbox 2591 2206 2753 2276; x_wconf 86' lang='lat' dir='ltr'><strong>viri-</strong></span> 
     </span>
     <span class='ocr_line' id='line_1_19' title="bbox 467 2311 2753 2406; baseline -0.002 -22"><span class='ocrx_word' id='word_1_144' title='bbox 467 2314 599 2385; x_wconf 88' lang='lat' dir='ltr'><strong>bus</strong></span> <span class='ocrx_word' id='word_1_145' title='bbox 667 2314 1175 2406; x_wconf 88' lang='lat' dir='ltr'><strong>rempublicam</strong></span> <span class='ocrx_word' id='word_1_146' title='bbox 1239 2333 1650 2383; x_wconf 88' lang='lat' dir='ltr'><strong>conservare</strong></span> <span class='ocrx_word' id='word_1_147' title='bbox 1714 2311 2181 2383; x_wconf 89' lang='lat' dir='ltr'><strong>contendunt:</strong></span> <span class='ocrx_word' id='word_1_148' title='bbox 2255 2314 2491 2382; x_wconf 93' lang='lat' dir='ltr'><strong>omnia</strong></span> <span class='ocrx_word' id='word_1_149' title='bbox 2561 2313 2753 2381; x_wconf 87' lang='lat' dir='ltr'><strong>irrita</strong></span> 
     </span>
     <span class='ocr_line' id='line_1_20' title="bbox 468 2418 2754 2509; baseline -0.001 -21"><span class='ocrx_word' id='word_1_150' title='bbox 468 2422 695 2492; x_wconf 89' lang='lat' dir='ltr'><strong>reddit</strong></span> <span class='ocrx_word' id='word_1_151' title='bbox 755 2422 975 2490; x_wconf 86' lang='lat' dir='ltr'><strong>fatum</strong></span> <span class='ocrx_word' id='word_1_152' title='bbox 1023 2441 1310 2490; x_wconf 90' lang='lat' dir='ltr'><strong>saevum</strong></span> <span class='ocrx_word' id='word_1_153' title='bbox 1359 2424 1425 2488; x_wconf 90' lang='lat' dir='ltr'><strong>et</strong></span> <span class='ocrx_word' id='word_1_154' title='bbox 1471 2419 1791 2488; x_wconf 86' lang='lat' dir='ltr'><strong>invidum</strong></span> <span class='ocrx_word' id='word_1_155' title='bbox 1807 2473 1824 2507; x_wconf 89' lang='lat'>,</span> <span class='ocrx_word' id='word_1_156' title='bbox 1875 2439 2257 2509; x_wconf 90' lang='lat' dir='ltr'><strong>omnesque</strong></span> <span class='ocrx_word' id='word_1_157' title='bbox 2303 2418 2566 2489; x_wconf 87' lang='lat' dir='ltr'><strong>illudit:</strong></span> <span class='ocrx_word' id='word_1_158' title='bbox 2615 2418 2754 2487; x_wconf 86' lang='lat' dir='ltr'><strong>fato</strong></span> 
     </span>
     <span class='ocr_line' id='line_1_21' title="bbox 468 2523 2753 2612; baseline -0.001 -19"><span class='ocrx_word' id='word_1_159' title='bbox 468 2527 608 2594; x_wconf 89' lang='lat' dir='ltr'><strong>iam</strong></span> <span class='ocrx_word' id='word_1_160' title='bbox 657 2526 779 2596; x_wconf 93' lang='lat' dir='ltr'><strong>diu</strong></span> <span class='ocrx_word' id='word_1_161' title='bbox 824 2527 1111 2595; x_wconf 86' lang='lat' dir='ltr'><strong>victoria</strong></span> <span class='ocrx_word' id='word_1_162' title='bbox 1155 2525 1460 2594; x_wconf 91' lang='lat' dir='ltr'><strong>hominis</strong></span> <span class='ocrx_word' id='word_1_163' title='bbox 1506 2524 1792 2612; x_wconf 83' lang='lat' dir='ltr'><strong>nefarii,</strong></span> <span class='ocrx_word' id='word_1_164' title='bbox 1843 2523 2157 2595; x_wconf 86' lang='lat' dir='ltr'><strong>Caesaris</strong></span> <span class='ocrx_word' id='word_1_165' title='bbox 2175 2578 2192 2612; x_wconf 93' lang='lat'>‚</span> <span class='ocrx_word' id='word_1_166' title='bbox 2243 2523 2584 2593; x_wconf 87' lang='lat' dir='ltr'><strong>destinata</strong></span> <span class='ocrx_word' id='word_1_167' title='bbox 2630 2530 2753 2592; x_wconf 86' lang='lat' dir='ltr'><strong>est.</strong></span> 
     </span>
     <span class='ocr_line' id='line_1_22' title="bbox 469 2628 2754 2722; baseline -0.001 -22"><span class='ocrx_word' id='word_1_168' title='bbox 469 2632 571 2700; x_wconf 87' lang='lat' dir='ltr'><strong>Ut.</strong></span> <span class='ocrx_word' id='word_1_169' title='bbox 619 2631 806 2722; x_wconf 91' lang='lat' dir='ltr'><strong>apud</strong></span> <span class='ocrx_word' id='word_1_170' title='bbox 854 2637 1091 2722; x_wconf 89' lang='lat' dir='ltr'><strong>poetas</strong></span> <span class='ocrx_word' id='word_1_171' title='bbox 1137 2631 1530 2721; x_wconf 83' lang='lat' dir='ltr'><strong>superiores</strong></span> <span class='ocrx_word' id='word_1_172' title='bbox 1578 2628 1829 2719; x_wconf 87' lang='lat' dir='ltr'><strong>aliquis</strong></span> <span class='ocrx_word' id='word_1_173' title='bbox 1875 2630 2082 2716; x_wconf 81' lang='lat' dir='ltr'><strong>deuS‚</strong></span> <span class='ocrx_word' id='word_1_174' title='bbox 2131 2631 2232 2699; x_wconf 88' lang='lat' dir='ltr'><strong>sic</strong></span> <span class='ocrx_word' id='word_1_175' title='bbox 2276 2630 2352 2699; x_wconf 92' lang='lat' dir='ltr'><strong>in</strong></span> <span class='ocrx_word' id='word_1_176' title='bbox 2399 2630 2754 2698; x_wconf 88' lang='lat' dir='ltr'><strong>Pharsalia</strong></span> 
     </span>
     <span class='ocr_line' id='line_1_23' title="bbox 467 2735 2754 2827; baseline -0 -23"><span class='ocrx_word' id='word_1_177' title='bbox 467 2738 686 2806; x_wconf 86' lang='lat' dir='ltr'><strong>fatum</strong></span> <span class='ocrx_word' id='word_1_178' title='bbox 745 2737 1066 2806; x_wconf 91' lang='lat' dir='ltr'><strong>homines</strong></span> <span class='ocrx_word' id='word_1_179' title='bbox 1128 2736 1426 2827; x_wconf 91' lang='lat' dir='ltr'><strong>impellit</strong></span> <span class='ocrx_word' id='word_1_180' title='bbox 1488 2743 1558 2805; x_wconf 91' lang='lat' dir='ltr'><strong>et</strong></span> <span class='ocrx_word' id='word_1_181' title='bbox 1617 2735 1835 2826; x_wconf 85' lang='lat' dir='ltr'><strong>cogit,</strong></span> <span class='ocrx_word' id='word_1_182' title='bbox 1901 2741 1980 2805; x_wconf 98' lang='lat' dir='ltr'><strong>ut</strong></span> <span class='ocrx_word' id='word_1_183' title='bbox 2036 2735 2296 2826; x_wconf 87' lang='lat' dir='ltr'><strong>aliquid</strong></span> <span class='ocrx_word' id='word_1_184' title='bbox 2345 2740 2589 2826; x_wconf 86' lang='lat' dir='ltr'><strong>gerant</strong></span> <span class='ocrx_word' id='word_1_185' title='bbox 2635 2741 2754 2804; x_wconf 92' lang='lat' dir='ltr'><strong>aut</strong></span> 
     </span>
     <span class='ocr_line' id='line_1_24' title="bbox 466 2840 2753 2930; baseline -0.001 -20"><span class='ocrx_word' id='word_1_186' title='bbox 466 2842 787 2912; x_wconf 90' lang='lat' dir='ltr'><strong>subeant.</strong></span> <span class='ocrx_word' id='word_1_187' title='bbox 882 2842 1138 2913; x_wconf 88' lang='lat' dir='ltr'><strong>Caesar</strong></span> <span class='ocrx_word' id='word_1_188' title='bbox 1199 2843 1410 2911; x_wconf 89' lang='lat' dir='ltr'><strong>etiam</strong></span> <span class='ocrx_word' id='word_1_189' title='bbox 1469 2848 1642 2911; x_wconf 90' lang='lat' dir='ltr'><strong>tunc</strong></span> <span class='ocrx_word' id='word_1_190' title='bbox 1704 2840 1971 2911; x_wconf 91' lang='lat' dir='ltr'><strong>bellum</strong></span> <span class='ocrx_word' id='word_1_191' title='bbox 2021 2841 2221 2910; x_wconf 89' lang='lat' dir='ltr'><strong>civile</strong></span> <span class='ocrx_word' id='word_1_192' title='bbox 2266 2841 2576 2930; x_wconf 89' lang='lat' dir='ltr'><strong>incipere</strong></span> <span class='ocrx_word' id='word_1_193' title='bbox 2624 2840 2753 2909; x_wconf 91' lang='lat' dir='ltr'><strong>du-</strong></span> 
     </span>
     <span class='ocr_line' id='line_1_25' title="bbox 465 2948 1852 3035; baseline -0.001 -19"><span class='ocrx_word' id='word_1_194' title='bbox 465 2948 636 3017; x_wconf 90' lang='lat' dir='ltr'><strong>bitat</strong></span> <span class='ocrx_word' id='word_1_195' title='bbox 654 3000 672 3035; x_wconf 87' lang='lat'><strong>,</strong></span> <span class='ocrx_word' id='word_1_196' title='bbox 721 2949 843 3017; x_wconf 90' lang='lat' dir='ltr'><strong>sed</strong></span> <span class='ocrx_word' id='word_1_197' title='bbox 1848 3012 1852 3015; x_wconf 75' lang='grc'>,</span> 
     </span>
    </p>

    <p class='ocr_par' dir='ltr' id='par_1_7' title="bbox 688 3050 2506 3141">
     <span class='ocr_line' id='line_1_26' title="bbox 688 3050 2506 3141; baseline -0.001 -20"><span class='ocrx_word' id='word_1_198' title='bbox 688 3072 895 3141; x_wconf 91' lang='lat' dir='ltr'><strong>„ecce</strong></span> <span class='ocrx_word' id='word_1_199' title='bbox 941 3054 1126 3122; x_wconf 88' lang='lat' dir='ltr'><strong>faces</strong></span> <span class='ocrx_word' id='word_1_200' title='bbox 1171 3052 1371 3140; x_wconf 87' lang='lat' dir='ltr'><strong>belli,</strong></span> <span class='ocrx_word' id='word_1_201' title='bbox 1421 3052 1814 3140; x_wconf 89' lang='lat' dir='ltr'><strong>dubiaeque</strong></span> <span class='ocrx_word' id='word_1_202' title='bbox 1860 3051 1935 3118; x_wconf 91' lang='lat' dir='ltr'><strong>in</strong></span> <span class='ocrx_word' id='word_1_203' title='bbox 1982 3050 2243 3141; x_wconf 90' lang='lat' dir='ltr'><strong>proelia</strong></span> <span class='ocrx_word' id='word_1_204' title='bbox 2289 3052 2506 3119; x_wconf 92' lang='lat' dir='ltr'><strong>menti</strong></span> 
     </span>
    </p>

    <p class='ocr_par' dir='ltr' id='par_1_8' title="bbox 688 3155 2521 3248">
     <span class='ocr_line' id='line_1_27' title="bbox 688 3155 2521 3248; baseline -0.003 -20"><span class='ocrx_word' id='word_1_205' title='bbox 688 3158 1002 3248; x_wconf 87' lang='lat' dir='ltr'><strong>urgentis</strong></span> <span class='ocrx_word' id='word_1_206' title='bbox 1050 3158 1317 3227; x_wconf 90' lang='lat' dir='ltr'><strong>addunt</strong></span> <span class='ocrx_word' id='word_1_207' title='bbox 1361 3156 1709 3243; x_wconf 83' lang='lat' dir='ltr'><strong>stimuloS‚</strong></span> <span class='ocrx_word' id='word_1_208' title='bbox 1765 3162 2191 3245; x_wconf 89' lang='lat' dir='ltr'><strong>cunctasque</strong></span> <span class='ocrx_word' id='word_1_209' title='bbox 2236 3155 2521 3246; x_wconf 91' lang='lat' dir='ltr'><strong>pudoris</strong></span> 
     </span>
    </p>
   </div>
   <div class='ocr_carea' id='block_1_3' title="bbox 683 3260 1682 3353">
    <p class='ocr_par' dir='ltr' id='par_1_9' title="bbox 683 3260 1682 3353">
     <span class='ocr_line' id='line_1_28' title="bbox 683 3260 1682 3353; baseline 0 -23"><span class='ocrx_word' id='word_1_210' title='bbox 683 3269 1023 3353; x_wconf 91' lang='lat' dir='ltr'><strong>rumpunt</strong></span> <span class='ocrx_word' id='word_1_211' title='bbox 1066 3262 1094 3331; x_wconf 80' lang='lat' dir='ltr'>f</span> <span class='ocrx_word' id='word_1_212' title='bbox 1108 3283 1149 3331; x_wconf 90' lang='lat' dir='ltr'><strong>a</strong></span> <span class='ocrx_word' id='word_1_213' title='bbox 1163 3268 1192 3330; x_wconf 91' lang='lat' dir='ltr'><strong>t</strong></span> <span class='ocrx_word' id='word_1_214' title='bbox 1208 3282 1249 3331; x_wconf 97' lang='lat' dir='ltr'><strong>a</strong></span> <span class='ocrx_word' id='word_1_215' title='bbox 1294 3264 1589 3331; x_wconf 89' lang='lat' dir='ltr'><strong>moras.”</strong></span> <span class='ocrx_word' id='word_1_216' title='bbox 1622 3260 1682 3350; x_wconf 75' lang='lat'><strong>4)</strong></span> 
     </span>
    </p>
   </div>
   <div class='ocr_carea' id='block_1_4' title="bbox 470 3443 839 3451">
    <p class='ocr_par' dir='ltr' id='par_1_10' title="bbox 470 3443 839 3451">
     <span class='ocr_line' id='line_1_29' title="bbox 470 3443 839 3451; baseline 0 1708"><span class='ocrx_word' id='word_1_217' title='bbox 470 3443 839 3451; x_wconf 95' lang='lat' dir='ltr'><strong> </strong></span> 
     </span>
    </p>
   </div>
   <div class='ocr_carea' id='block_1_5' title="bbox 463 3553 2753 4398">
    <p class='ocr_par' dir='ltr' id='par_1_11' title="bbox 463 3553 2752 4203">
     <span class='ocr_line' id='line_1_30' title="bbox 552 3553 2751 3632; baseline -0.001 -16"><span class='ocrx_word' id='word_1_218' title='bbox 552 3558 612 3632; x_wconf 92' lang='lat'><strong>1)</strong></span> <span class='ocrx_word' id='word_1_219' title='bbox 652 3556 855 3616; x_wconf 88' lang='lat' dir='ltr'><strong>Manil.</strong></span> <span class='ocrx_word' id='word_1_220' title='bbox 910 3554 1144 3615; x_wconf 80' lang='lat' dir='ltr'><strong>Astron.</strong></span> <span class='ocrx_word' id='word_1_221' title='bbox 1198 3555 1278 3613; x_wconf 88' lang='lat' dir='ltr'><strong>IV</strong></span> <span class='ocrx_word' id='word_1_222' title='bbox 1324 3558 1398 3613; x_wconf 82' lang='lat'><strong>14</strong></span> <span class='ocrx_word' id='word_1_223' title='bbox 1439 3571 1526 3628; x_wconf 87' lang='lat' dir='ltr'><strong>sq.</strong></span> <span class='ocrx_word' id='word_1_224' title='bbox 1607 3553 1878 3614; x_wconf 84' lang='lat' dir='ltr'><strong>Notabile</strong></span> <span class='ocrx_word' id='word_1_225' title='bbox 1919 3559 2039 3628; x_wconf 87' lang='lat' dir='ltr'><strong>est,</strong></span> <span class='ocrx_word' id='word_1_226' title='bbox 2084 3560 2149 3613; x_wconf 89' lang='lat' dir='ltr'><strong>ut</strong></span> <span class='ocrx_word' id='word_1_227' title='bbox 2187 3556 2357 3614; x_wconf 89' lang='lat' dir='ltr'><strong>etiam</strong></span> <span class='ocrx_word' id='word_1_228' title='bbox 2397 3555 2459 3613; x_wconf 91' lang='lat' dir='ltr'><strong>in</strong></span> <span class='ocrx_word' id='word_1_229' title='bbox 2498 3554 2751 3614; x_wconf 88' lang='lat' dir='ltr'><strong>Aeneide</strong></span> 
     </span>
     <span class='ocr_line' id='line_1_31' title="bbox 467 3649 2750 3727; baseline -0.001 -15"><span class='ocrx_word' id='word_1_230' title='bbox 467 3651 648 3712; x_wconf 86' lang='lat' dir='ltr'><strong>satum</strong></span> <span class='ocrx_word' id='word_1_231' title='bbox 700 3653 941 3711; x_wconf 88' lang='lat' dir='ltr'><strong>multum</strong></span> <span class='ocrx_word' id='word_1_232' title='bbox 980 3652 1202 3727; x_wconf 86' lang='lat' dir='ltr'><strong>valeat,</strong></span> <span class='ocrx_word' id='word_1_233' title='bbox 1244 3657 1311 3710; x_wconf 89' lang='lat' dir='ltr'><strong>ut</strong></span> <span class='ocrx_word' id='word_1_234' title='bbox 1348 3651 1462 3710; x_wconf 90' lang='lat' dir='ltr'><strong>iam</strong></span> <span class='ocrx_word' id='word_1_235' title='bbox 1502 3650 1687 3724; x_wconf 89' lang='lat' dir='ltr'><strong>primo</strong></span> <span class='ocrx_word' id='word_1_236' title='bbox 1727 3650 1876 3709; x_wconf 88' lang='lat' dir='ltr'><strong>libro</strong></span> <span class='ocrx_word' id='word_1_237' title='bbox 1919 3666 1967 3709; x_wconf 89' lang='lat' dir='ltr'><strong>e.</strong></span> <span class='ocrx_word' id='word_1_238' title='bbox 2013 3667 2067 3723; x_wconf 84' lang='lat' dir='ltr'><strong>g.</strong></span> <span class='ocrx_word' id='word_1_239' title='bbox 2109 3655 2303 3725; x_wconf 84' lang='lat' dir='ltr'><strong>patet:</strong></span> <span class='ocrx_word' id='word_1_240' title='bbox 2344 3649 2481 3723; x_wconf 84' lang='lat' dir='ltr'><strong>suga</strong></span> <span class='ocrx_word' id='word_1_241' title='bbox 2519 3650 2750 3710; x_wconf 85' lang='lat' dir='ltr'><strong>Aeneae</strong></span> 
     </span>
     <span class='ocr_line' id='line_1_32' title="bbox 464 3744 2749 3821; baseline -0 -15"><span class='ocrx_word' id='word_1_242' title='bbox 464 3747 494 3806; x_wconf 91' lang='lat' dir='ltr'><strong>f</strong></span> <span class='ocrx_word' id='word_1_243' title='bbox 499 3753 610 3808; x_wconf 87' lang='lat' dir='ltr'><strong>ato</strong></span> <span class='ocrx_word' id='word_1_244' title='bbox 664 3748 939 3807; x_wconf 89' lang='lat' dir='ltr'><strong>tribuitur</strong></span> <span class='ocrx_word' id='word_1_245' title='bbox 991 3749 1110 3820; x_wconf 85' lang='lat' dir='ltr'><strong>(vrs</strong></span> <span class='ocrx_word' id='word_1_246' title='bbox 1154 3747 1247 3821; x_wconf 91' lang='grc'><strong>2),</strong></span> <span class='ocrx_word' id='word_1_247' title='bbox 1302 3746 1456 3805; x_wconf 65' lang='lat' dir='ltr'><strong>‚Iuno</strong></span> <span class='ocrx_word' id='word_1_248' title='bbox 1496 3745 1685 3805; x_wconf 82' lang='lat' dir='ltr'><strong>tendit</strong></span> <span class='ocrx_word' id='word_1_249' title='bbox 1724 3751 1791 3805; x_wconf 86' lang='lat' dir='ltr'><strong>ut</strong></span> <span class='ocrx_word' id='word_1_250' title='bbox 1830 3744 2117 3820; x_wconf 84' lang='lat' dir='ltr'><strong>Carthago</strong></span> <span class='ocrx_word' id='word_1_251' title='bbox 2158 3752 2332 3820; x_wconf 88' lang='lat' dir='ltr'><strong>caput</strong></span> <span class='ocrx_word' id='word_1_252' title='bbox 2371 3746 2525 3806; x_wconf 86' lang='lat' dir='ltr'><strong>orbis</strong></span> <span class='ocrx_word' id='word_1_253' title='bbox 2567 3751 2749 3805; x_wconf 88' lang='lat' dir='ltr'><strong>terra-</strong></span> 
     </span>
     <span class='ocr_line' id='line_1_33' title="bbox 463 3840 2752 3918; baseline -0.001 -15"><span class='ocrx_word' id='word_1_254' title='bbox 463 3858 590 3903; x_wconf 88' lang='lat' dir='ltr'><strong>rum</strong></span> <span class='ocrx_word' id='word_1_255' title='bbox 642 3842 746 3904; x_wconf 90' lang='lat' dir='ltr'><strong>fiat</strong></span> <span class='ocrx_word' id='word_1_256' title='bbox 761 3887 779 3918; x_wconf 90' lang='lat'>,</span> <span class='ocrx_word' id='word_1_257' title='bbox 822 3842 872 3901; x_wconf 83' lang='lat' dir='ltr'><strong>si</strong></span> <span class='ocrx_word' id='word_1_258' title='bbox 912 3840 1036 3901; x_wconf 78' lang='lat' dir='ltr'><strong>fata</strong></span> <span class='ocrx_word' id='word_1_259' title='bbox 1073 3842 1267 3901; x_wconf 88' lang='lat' dir='ltr'><strong>sinant</strong></span> <span class='ocrx_word' id='word_1_260' title='bbox 1305 3841 1431 3917; x_wconf 87' lang='lat' dir='ltr'><strong>(vrs</strong></span> <span class='ocrx_word' id='word_1_261' title='bbox 1478 3841 1576 3915; x_wconf 88' lang='lat'><strong>18)</strong></span> <span class='ocrx_word' id='word_1_262' title='bbox 1590 3885 1606 3915; x_wconf 95' lang='lat'>,</span> <span class='ocrx_word' id='word_1_263' title='bbox 1648 3841 1886 3900; x_wconf 87' lang='lat' dir='ltr'><strong>Troiani</strong></span> <span class='ocrx_word' id='word_1_264' title='bbox 1924 3843 2133 3902; x_wconf 88' lang='lat' dir='ltr'><strong>multos</strong></span> <span class='ocrx_word' id='word_1_265' title='bbox 2172 3859 2280 3916; x_wconf 86' lang='lat' dir='ltr'><strong>per</strong></span> <span class='ocrx_word' id='word_1_266' title='bbox 2318 3856 2498 3901; x_wconf 87' lang='lat' dir='ltr'><strong>annos</strong></span> <span class='ocrx_word' id='word_1_267' title='bbox 2539 3842 2752 3901; x_wconf 89' lang='lat' dir='ltr'><strong>circum</strong></span> 
     </span>
     <span class='ocr_line' id='line_1_34' title="bbox 464 3932 2752 4010; baseline -0.001 -14"><span class='ocrx_word' id='word_1_268' title='bbox 464 3939 655 3996; x_wconf 85' lang='lat' dir='ltr'><strong>omnia</strong></span> <span class='ocrx_word' id='word_1_269' title='bbox 712 3936 895 3995; x_wconf 88' lang='lat' dir='ltr'><strong>maria</strong></span> <span class='ocrx_word' id='word_1_270' title='bbox 955 3934 1261 4008; x_wconf 86' lang='lat' dir='ltr'><strong>errabant,</strong></span> <span class='ocrx_word' id='word_1_271' title='bbox 1327 3933 1464 3994; x_wconf 86' lang='lat' dir='ltr'><strong>fatis</strong></span> <span class='ocrx_word' id='word_1_272' title='bbox 1520 3934 1636 3994; x_wconf 88' lang='lat' dir='ltr'><strong>acti</strong></span> <span class='ocrx_word' id='word_1_273' title='bbox 1696 3938 1817 4007; x_wconf 84' lang='lat' dir='ltr'><strong>(vrs</strong></span> <span class='ocrx_word' id='word_1_274' title='bbox 1880 3936 1982 4010; x_wconf 84' lang='lat'><strong>33)</strong></span> <span class='ocrx_word' id='word_1_275' title='bbox 1999 3981 2015 4010; x_wconf 92' lang='lat'>‚</span> <span class='ocrx_word' id='word_1_276' title='bbox 2077 3935 2232 3994; x_wconf 85' lang='lat' dir='ltr'><strong>Juno</strong></span> <span class='ocrx_word' id='word_1_277' title='bbox 2284 3939 2454 4009; x_wconf 87' lang='lat' dir='ltr'><strong>putat</strong></span> <span class='ocrx_word' id='word_1_278' title='bbox 2512 3951 2575 3994; x_wconf 84' lang='lat' dir='ltr'><strong>se</strong></span> <span class='ocrx_word' id='word_1_279' title='bbox 2613 3932 2752 3994; x_wconf 85' lang='lat' dir='ltr'><strong>fatis</strong></span> 
     </span>
     <span class='ocr_line' id='line_1_35' title="bbox 464 4029 2752 4107; baseline -0.001 -14"><span class='ocrx_word' id='word_1_280' title='bbox 464 4033 648 4093; x_wconf 84' lang='lat' dir='ltr'><strong>vetari</strong></span> <span class='ocrx_word' id='word_1_281' title='bbox 687 4034 807 4106; x_wconf 84' lang='lat' dir='ltr'><strong>(vrs</strong></span> <span class='ocrx_word' id='word_1_282' title='bbox 851 4033 985 4107; x_wconf 85' lang='lat'>39),</span> <span class='ocrx_word' id='word_1_283' title='bbox 1028 4030 1255 4090; x_wconf 84' lang='lat' dir='ltr'><strong>Aeneas</strong></span> <span class='ocrx_word' id='word_1_284' title='bbox 1295 4029 1524 4089; x_wconf 90' lang='lat' dir='ltr'><strong>Latium</strong></span> <span class='ocrx_word' id='word_1_285' title='bbox 1564 4029 1713 4103; x_wconf 86' lang='lat' dir='ltr'><strong>petit</strong></span> <span class='ocrx_word' id='word_1_286' title='bbox 1729 4073 1745 4106; x_wconf 90' lang='lat'><strong>,</strong></span> <span class='ocrx_word' id='word_1_287' title='bbox 1786 4030 1885 4090; x_wconf 89' lang='lat' dir='ltr'><strong>ubi</strong></span> <span class='ocrx_word' id='word_1_288' title='bbox 1927 4030 2051 4091; x_wconf 86' lang='lat' dir='ltr'><strong>fata</strong></span> <span class='ocrx_word' id='word_1_289' title='bbox 2092 4032 2315 4104; x_wconf 86' lang='lat' dir='ltr'><strong>quietas</strong></span> <span class='ocrx_word' id='word_1_290' title='bbox 2356 4030 2519 4091; x_wconf 80' lang='lat' dir='ltr'><strong>sedes</strong></span> <span class='ocrx_word' id='word_1_291' title='bbox 2559 4036 2752 4090; x_wconf 84' lang='lat' dir='ltr'><strong>osten-</strong></span> 
     </span>
     <span class='ocr_line' id='line_1_36' title="bbox 465 4124 2750 4203; baseline -0.001 -17"><span class='ocrx_word' id='word_1_292' title='bbox 465 4124 609 4187; x_wconf 81' lang='lat' dir='ltr'><strong>dunt</strong></span> <span class='ocrx_word' id='word_1_293' title='bbox 652 4128 774 4203; x_wconf 79' lang='lat' dir='ltr'><strong>(vra</strong></span> <span class='ocrx_word' id='word_1_294' title='bbox 817 4130 959 4200; x_wconf 86' lang='grc'><strong>205)</strong></span> <span class='ocrx_word' id='word_1_295' title='bbox 1002 4132 1060 4186; x_wconf 88' lang='lat' dir='ltr'><strong>et</strong></span> <span class='ocrx_word' id='word_1_296' title='bbox 1100 4126 1183 4186; x_wconf 89' lang='lat' dir='ltr'><strong>sic</strong></span> <span class='ocrx_word' id='word_1_297' title='bbox 1222 4141 1427 4200; x_wconf 83' lang='lat' dir='ltr'><strong>porr03</strong></span> <span class='ocrx_word' id='word_1_298' title='bbox 1470 4124 1543 4185; x_wconf 91' lang='lat' dir='ltr'><strong>cf.</strong></span> <span class='ocrx_word' id='word_1_299' title='bbox 1585 4142 1682 4186; x_wconf 83' lang='lat' dir='ltr'><strong>vrs</strong></span> <span class='ocrx_word' id='word_1_300' title='bbox 1711 4131 1866 4199; x_wconf 84' lang='grc'><strong>238,</strong></span> <span class='ocrx_word' id='word_1_301' title='bbox 1896 4130 2043 4201; x_wconf 87' lang='grc'><strong>258,</strong></span> <span class='ocrx_word' id='word_1_302' title='bbox 2076 4131 2227 4201; x_wconf 90' lang='grc'><strong>262,</strong></span> <span class='ocrx_word' id='word_1_303' title='bbox 2257 4131 2403 4200; x_wconf 87' lang='grc'><strong>299,</strong></span> <span class='ocrx_word' id='word_1_304' title='bbox 2435 4131 2582 4200; x_wconf 86' lang='grc'><strong>382,</strong></span> <span class='ocrx_word' id='word_1_305' title='bbox 2614 4130 2750 4185; x_wconf 79' lang='grc'><strong>546.</strong></span> 
     </span>
    </p>

    <p class='ocr_par' dir='ltr' id='par_1_12' title="bbox 544 4219 2753 4298">
     <span class='ocr_line' id='line_1_37' title="bbox 544 4219 2753 4298; baseline -0 -17"><span class='ocrx_word' id='word_1_306' title='bbox 544 4224 605 4298; x_wconf 91' lang='grc'><strong>2)</strong></span> <span class='ocrx_word' id='word_1_307' title='bbox 647 4222 979 4297; x_wconf 86' lang='lat' dir='ltr'><strong>Legendum</strong></span> <span class='ocrx_word' id='word_1_308' title='bbox 1022 4227 1141 4281; x_wconf 74' lang='lat' dir='ltr'><strong>este</strong></span> <span class='ocrx_word' id='word_1_309' title='bbox 1172 4219 1390 4295; x_wconf 85' lang='lat' dir='ltr'><strong>„orbe”</strong></span> <span class='ocrx_word' id='word_1_310' title='bbox 1420 4219 1494 4279; x_wconf 91' lang='lat' dir='ltr'><strong>cf.</strong></span> <span class='ocrx_word' id='word_1_311' title='bbox 1524 4219 1589 4280; x_wconf 85' lang='grc' dir='ltr'><strong>Ο.</strong></span> <span class='ocrx_word' id='word_1_312' title='bbox 1618 4219 1699 4278; x_wconf 89' lang='lat' dir='ltr'><strong>M.</strong></span> <span class='ocrx_word' id='word_1_313' title='bbox 1730 4219 2033 4282; x_wconf 85' lang='lat' dir='ltr'><strong>Francken</strong></span> <span class='ocrx_word' id='word_1_314' title='bbox 2060 4221 2276 4282; x_wconf 84' lang='lat' dir='ltr'><strong>Mnem.</strong></span> <span class='ocrx_word' id='word_1_315' title='bbox 2310 4226 2462 4280; x_wconf 89' lang='lat'>1888</span> <span class='ocrx_word' id='word_1_316' title='bbox 2490 4239 2583 4296; x_wconf 80' lang='lat' dir='ltr'><strong>pg.</strong></span> <span class='ocrx_word' id='word_1_317' title='bbox 2615 4226 2753 4288; x_wconf 83' lang='grc'><strong>391.</strong></span> 
     </span>
    </p>

    <p class='ocr_par' dir='ltr' id='par_1_13' title="bbox 544 4315 1896 4398">
     <span class='ocr_line' id='line_1_38' title="bbox 544 4315 1896 4398; baseline -0.001 -20"><span class='ocrx_word' id='word_1_318' title='bbox 544 4319 612 4398; x_wconf 88' lang='grc'><strong>3)</strong></span> <span class='ocrx_word' id='word_1_319' title='bbox 654 4318 843 4378; x_wconf 73' lang='lat' dir='ltr'><strong>Phara</strong></span> <span class='ocrx_word' id='word_1_320' title='bbox 878 4317 1069 4377; x_wconf 79' lang='lat'><strong>1:70.</strong></span> <span class='ocrx_word' id='word_1_321' title='bbox 1312 4319 1374 4389; x_wconf 86' lang='lat'><strong>4)</strong></span> <span class='ocrx_word' id='word_1_322' title='bbox 1418 4316 1620 4377; x_wconf 85' lang='lat' dir='ltr'><strong>Phars.</strong></span> <span class='ocrx_word' id='word_1_323' title='bbox 1663 4315 1896 4377; x_wconf 78' lang='lat'><strong>1:262.</strong></span> 
     </span>
    </p>
   </div>
   <div class='ocr_carea' id='block_1_6' title="bbox 2524 4435 2553 4480">
    <p class='ocr_par' dir='ltr' id='par_1_14' title="bbox 2524 4435 2553 4480">
     <span class='ocr_line' id='line_1_39' title="bbox 2524 4435 2553 4480; baseline 0 0"><span class='ocrx_word' id='word_1_324' title='bbox 2524 4435 2553 4480; x_wconf 80' lang='lat'>4</span> 
     </span>
    </p>
   </div>
  </div>
 </body>
</html>
