3434 5159
1867 363 1958 434 98

779 593 853 662 in
917 592 1248 682 ancipites
1308 591 1553 660 metuit
1612 589 2030 660 descendere
2078 592 2423 676 eventus'',
2486 611 2696 680 quam
2750 592 2838 663 ob
2883 614 3036 662 rem

778 700 1151 790 „Delphica
1217 697 1593 788 penetralia
1663 697 1921 766 fatidici
1990 696 2251 765 Phoebi
2314 698 2566 767 multos
2628 721 2753 789 per
2814 720 3035 770 annos

777 808 1074 877 obducta
1118 806 1418 876 reserit.''
1448 804 1502 893 ¹)

863 914 1041 984 Tum
1101 919 1303 1004 poeta
1364 910 1665 1000 quaerit,
1733 930 1910 999 quae
1971 909 2072 978 vis
2134 910 2366 979 divina
2422 910 2739 1000 Pythiam
2786 915 3033 1004 spiritu

774 1020 958 1089 afflet
1018 1021 1393 1108 incitetque
1457 1018 1542 1086 ad
1597 1017 1826 1086 futura
1869 1016 2269 1085 hominibus
2315 1017 2788 1107 significanda.
2886 1020 3030 1089 Iam

772 1147 1014 1216 supra,
1078 1126 1300 1215 capite
1360 1125 1620 1214 primo,
1684 1121 2233 1191 demonstratum
2298 1128 2398 1191 est
2462 1124 2591 1191 hac
2654 1126 2723 1191 in
2791 1146 2865 1193 re
2915 1147 3033 1195 ex-

769 1233 1089 1322 ponenda
1150 1233 1513 1302 Lucanum
1570 1230 1856 1299 omnino
1905 1250 2065 1299 cum
2112 1228 2359 1297 Stoicis
2407 1232 2809 1299 convenire:
2862 1253 3025 1301 nam

768 1340 1158 1429 suspicatur
1216 1339 1408 1407 illam
1470 1337 1611 1406 vim
1672 1356 1820 1405 esse
1868 1355 2239 1425 „magnam
2286 1341 2556 1428 partem
2605 1336 2818 1423 Iovis,
2870 1360 3032 1406 con-

769 1465 1020 1513 nexam
1086 1445 1387 1514 aetherio
1450 1443 1814 1511 Tonanti.”
1848 1442 1906 1529 2)
2002 1442 2138 1511 Ubi
2187 1441 2491 1532 virgineo
2539 1449 2816 1532 pectore
2865 1466 3030 1512 con-

768 1557 1042 1641 ceptum
1090 1557 1194 1620 est
1239 1551 1368 1619 hoc
1415 1570 1676 1620 numen
1700 1602 1717 1636 ‚
1779 1549 2160 1618 humanam
2208 1548 2460 1617 feriens
2508 1550 2814 1618 animam
2837 1605 2852 1636 ‚
2911 1572 3029 1619 ora

769 1658 939 1725 vatis
985 1657 1206 1726 solvit.

855 1764 1206 1832 Hactenus
1260 1762 1495 1830 omnia
1540 1781 1698 1829 vere
1746 1760 2252 1850 philosophica,
2316 1761 2435 1829 sed
2483 1762 2666 1830 dolet
2717 1762 3028 1831 confiteri

763 1889 877 1954 ea,
962 1890 1142 1959 quae
1213 1873 1632 1957 sequuntur,
1698 1867 1918 1956 magis
1982 1867 2337 1935 comoedia
2396 1866 2748 1952 Plautina,
2816 1889 3027 1957 quam

764 1976 1070 2044 carmine
1131 1995 1241 2043 res
1302 1994 1542 2062 graves
1606 1977 1930 2059 canente,
1981 1973 2190 2062 digna
2236 1974 2421 2041 esse!
2491 1973 2576 2041 Et
2623 1975 2853 2042 statim
2904 1995 3025 2064 ap-

758 2087 990 2170 paret,
1055 2081 1238 2149 unde
1300 2080 1473 2148 haec
1527 2079 2007 2169 discrepantia.
2104 2077 2274 2147 Cum
2343 2080 2530 2147 enim
2580 2100 3021 2169 summopere

758 2192 958 2276 poeta
1007 2187 1323 2269 cavisset,
1371 2205 1488 2271 ne,
1539 2185 1685 2254 deis
1735 2184 2129 2272 vulgaribus
2176 2203 2337 2252 cum
2378 2185 2777 2253 hominibus
2812 2205 3020 2275 agen-

757 2292 941 2362 tibus
1002 2292 1329 2377 inductis‚
1378 2293 1451 2358 in
1504 2290 2060 2381 probabilitatam
2107 2296 2453 2379 peccaret,
2500 2291 2646 2379 ipse
2678 2291 2809 2358 hac
2839 2292 2908 2358 in
2944 2312 3020 2359 re

760 2405 941 2467 certe
988 2419 1303 2466 normam
1337 2398 1503 2466 artis
1534 2398 1843 2486 poeticae
1875 2396 2180 2482 violavit,
2212 2396 2297 2464 iis
2330 2397 2535 2464 rebus
2567 2398 2638 2463 in
2671 2399 3015 2485 praesenti

756 2510 1064 2594 tempore
1125 2505 1453 2589 narratiS‚
1520 2523 1696 2592 quae
1758 2503 2042 2571 omnino
2100 2522 2260 2570 cum
2307 2522 2433 2571 sua
2479 2507 2699 2570 aetate
2746 2524 3017 2592 pugna-

753 2610 952 2686 bant.
1021 2610 1227 2697 idque
1275 2630 1355 2677 eo
1402 2610 1641 2695 mod0‚
1687 2614 1767 2678 ut
1810 2628 2090 2697 prorsus
2138 2609 2445 2677 carmine
2491 2608 2857 2697 indignum
2904 2609 3011 2677 sit.

841 2716 1109 2806 Appius
1156 2716 1342 2784 enim
1363 2769 1379 2802 ‚
1413 2715 1771 2784 oraculum
1804 2715 2243 2784 consulturus
2264 2767 2280 2799 ,
2313 2715 2738 2782 sacerdotem
2771 2715 3014 2804 templi

754 2823 896 2891 adit
960 2823 1287 2911 iubetque
1359 2821 1725 2911 „pavidam
1797 2826 2023 2888 vatem
2094 2821 2239 2889 deis
2309 2820 2722 2888 inmittere.”
2812 2820 3019 2910 Virgo

755 2933 985 2997 autem
1061 2947 1204 2996 non
1281 2926 1468 2994 domi
1545 2932 1647 2995 est
1677 2982 1693 3011 ‚
1784 2927 1903 2995 sed
1982 2925 2360 3013 „Castalios
2439 2926 2699 2995 circum
2777 2926 3018 2994 latices

754 3053 1257 3122 nemorumque
1318 3033 1693 3115 recessus''‚
1760 3033 1944 3101 curis
2000 3052 2285 3119 vacam,
2337 3032 2665 3102 ambulat.
2698 3030 2757 3119 3>
2853 3031 3018 3100 Post

760 3145 897 3209 tam
949 3141 1234 3227 longum
1280 3140 1497 3234 otium
1546 3138 1836 3207 minime
1881 3138 2150 3227 puellae
2198 3159 2437 3207 rursus
2479 3138 2673 3208 illum
2708 3138 3017 3206 laborem

752 3247 1100 3334 suscipere
1147 3246 1347 3332 libet,
1396 3266 1536 3313 non
1582 3245 1799 3333 magis
1832 3264 2041 3332 quam
2073 3264 2248 3333 puer
2278 3244 2572 3311 libenter
2605 3245 2677 3310 in
2710 3243 3016 3311 scholam

751 3352 1147 3439 revertitur,
1214 3350 1334 3419 sed
1398 3357 1709 3435 conatur,
1778 3356 1857 3418 ut
1902 3370 2052 3418 mos
2100 3356 2199 3418 est
2247 3349 2619 3419 mulierum
2642 3403 2659 3436 ‚
2709 3349 3014 3439 Appium

753 3475 944 3524 cassa
1005 3456 1245 3526 fraude
1291 3457 1379 3525 ab
1427 3456 1676 3526 ardore
1723 3457 1954 3526 futura
1995 3455 2326 3524 noscendi
2373 3455 2773 3523 absterrere.
2843 3454 3016 3523 Fru—

751 3566 892 3629 stra
954 3567 1186 3630 autem
1210 3615 1227 3648 ‚
1289 3582 1453 3630 nam
1515 3562 1689 3631 dolis
1750 3562 2035 3653 virginis
2098 3562 2409 3647 detectiS,
2475 3562 2729 3629 misera
2787 3560 3016 3650 puella

754 3667 968 3756 passis
1025 3667 1364 3755 crinibuS‚
1413 3673 1481 3736 et
1524 3667 1744 3737 infula
1790 3673 2065 3752 ornata,
2121 3669 2195 3735 in
2227 3666 2564 3758 templum
2598 3666 3010 3756 impellitur3

751 3772 872 3840 sed
940 3772 1149 3841 etiam
1216 3778 1365 3842 tum
1437 3773 1669 3841 fallere
1741 3778 2067 3859 conatur,
2149 3793 2312 3841 nam
2381 3774 2456 3840 in
2526 3772 2753 3862 prima
2820 3777 3014 3863 parte

750 3878 991 3968 templi
1043 3879 1307 3948 resistit
1355 3884 1420 3947 et
1468 3879 1696 3949 furore
1743 3878 2063 3948 simulato
2113 3879 2318 3947 verba
2365 3877 2523 3947 ficta
2572 3879 2805 3967 quieto
2852 3897 3013 3967 pec-

750 3990 897 4053 tore
962 3983 1185 4054 refert.
1266 3985 1443 4054 Tum
1507 3984 1775 4075 Appius
1835 3983 2274 4073 furibundUS,
2340 3984 2523 4075 quod
2585 4004 2658 4052 se
2714 3982 3013 4053 ludibrio

833 4233 891 4308 1)
934 4232 1135 4291 PharS.
1175 4230 1362 4291 V267
1392 4247 1477 4304 sq.
2836 4280 2847 4293 ,

830 4329 927 4405 2)’
991 4326 1049 4403 ’,,
1171 4327 1260 4388 V:
1286 4332 1360 4387 95
1400 4327 1439 4386 i.
1462 4343 1512 4386 e.
1555 4326 1802 4387 aetheris
1840 4332 2062 4401 partem
2101 4329 2163 4388 in
2203 4327 2460 4388 cavernis
2501 4331 2692 4387 terrae
2715 4326 3011 4390 inclusam·

749 4423 936 4487 Locus
977 4441 1075 4501 pg.
1118 4429 1193 4484 36
1236 4424 1459 4485 adlatus
1499 4428 1604 4488 est.
2004 4426 2065 4500 3)
2105 4425 2309 4486 Phars.
2347 4424 2442 4484 V:
2478 4428 2589 4485 120
2630 4440 2717 4497 sq.
