3434 5159
1507 317 1640 388 117

528 542 732 612 Putat
792 544 1004 633 igitur
1063 563 1175 612 res
1236 544 1576 613 secundas
1640 548 1707 611 et
1762 563 2123 632 prosperas
2168 543 2449 632 quidem
2496 545 2703 615 huius

439 650 620 718 vitae
681 650 976 718 miserae
1037 670 1187 718 esse
1251 650 1619 720 mutabiles
1637 704 1654 736 ,
1719 654 2014 717 mortem
2061 655 2295 718 autem
2340 671 2697 727 summum

443 756 704 825 bonum
726 808 743 841 ,
792 755 978 845 quod
1024 755 1187 826 huic
1231 756 1663 825 instabilitati
1707 754 1920 824 finem
1966 756 2190 824 faciat.

526 861 772 950 Pythia
838 867 1072 930 autem
1096 915 1114 948 ,
1184 862 1272 931 ab
1342 861 1569 951 Appio
1638 861 1952 931 consulta
1975 915 1992 945 ,
2065 868 2408 931 asseverat
2474 866 2699 933 nemi-

439 989 600 1036 nem
665 968 954 1037 deorum
1016 967 1152 1036 nisi
1207 974 1499 1036 mortem
1547 988 1749 1057 posse
1795 965 2066 1036 efficere
2110 973 2188 1036 ut
2234 969 2434 1038 malis
2479 976 2694 1039 vacet.

438 1073 679 1162 Neque
738 1073 854 1141 ille
911 1073 1103 1142 locus
1151 1075 1541 1142 communis
1588 1072 1774 1163 apud
1819 1073 2182 1143 Lucanum
2230 1073 2658 1144 desideratur
2679 1129 2696 1161 ,

435 1181 793 1249 neminem
841 1185 1001 1247 ante
1049 1185 1344 1247 mortem
1391 1200 1540 1248 esse
1589 1179 1897 1264 felicem,
1946 1198 2112 1247 nam
2158 1180 2477 1267 „fortuna
2512 1182 2701 1270 prior

444 1291 549 1354 est
595 1284 948 1370 dedecori,
997 1285 1134 1352 nisi
1180 1305 1454 1354 summa
1501 1285 1647 1353 dies
1680 1305 1841 1354 cum
1873 1283 2012 1352 fine
2044 1285 2387 1355 bonorum
2422 1285 2705 1355 adfuit.'’

439 1392 664 1460 Homo
726 1392 915 1459 enim
977 1410 1362 1479 numquam
1425 1391 1741 1460 fortunae
1802 1397 2026 1481 potest
2069 1390 2317 1479 fidere,
2365 1394 2461 1460 ita
2507 1398 2585 1461 ut
2632 1413 2707 1461 se

438 1498 707 1566 felicem
786 1496 1190 1586 praedicare
1259 1517 1400 1565 non
1470 1499 1718 1586 possit,
1793 1497 1927 1565 nisi
1992 1497 2268 1576 fortuna
2333 1518 2555 1586 usque
2625 1498 2710 1566 ad

437 1603 759 1674 ultimum
809 1603 994 1670 diem
1040 1604 1222 1671 vitae
1270 1605 1758 1692 permanserit.
1849 1602 2040 1671 Mors
2087 1603 2227 1672 fere
2274 1609 2354 1672 ut
2397 1603 2710 1672 liberatio

439 1710 710 1779 videtur
750 1707 1222 1798 periculorum
1246 1763 1261 1783 ,
1311 1709 1565 1798 quibus
1611 1710 1919 1778 Fortuna
1951 1710 2350 1779 hominibus
2381 1710 2708 1778 minatur.

523 1814 715 1885 Alibi
782 1833 1024 1884 rursus
1093 1819 1296 1904 poeta
1357 1822 1653 1883 mortem
1715 1815 1987 1900 laudat,
2059 1834 2238 1903 quae
2301 1835 2509 1883 omne
2571 1814 2710 1883 dis-

440 1923 706 2001 crimen
768 1921 951 1989 inter
1009 1921 1328 1989 homines
1373 1921 1581 1989 tollit:
1633 1941 1799 1989 nam
1851 1920 2118 2006 „libera
2161 1920 2479 1989 fortunae
2523 1941 2712 1989 mors

436 2028 601 2096 est.'’
636 2026 694 2114 1)
785 2026 908 2094 Ille
969 2027 1169 2095 miles
1234 2047 1319 2095 ex
1377 2026 1616 2095 inferis
1680 2032 2043 2094 revocatus
2105 2026 2393 2115 magicis
2448 2018 2712 2096 artibus

437 2131 806 2202 Thessalae
868 2151 1110 2221 sagae,
1174 2152 1316 2200 non
1365 2131 1650 2222 gaudet,
1700 2130 1886 2220 quod
1932 2152 2174 2200 rursus
2221 2133 2363 2200 vita
2409 2132 2709 2216 fruatur,

434 2237 558 2307 sed
628 2243 867 2306 contra
928 2241 1235 2306 maestus
1293 2238 1612 2306 homines
1678 2237 2111 2323 adhortatur,
2161 2242 2236 2306 ut
2285 2239 2505 2321 „mori
2552 2257 2712 2326 pro-

445 2348 726 2433 perent‚
789 2362 1170 2431 manesque
1229 2342 1710 2413 Romanorum
1771 2342 2062 2411 deorum
2110 2343 2441 2411 calcent.’'
2474 2342 2531 2432 2)
2627 2343 2714 2411 Et

441 2454 811 2539 postquam
859 2448 998 2515 fata
1042 2449 1341 2537 peregit,
1388 2454 1687 2516 mortem
1733 2449 2049 2538 reposcit.
2141 2448 2385 2517 Manes
2418 2449 2708 2517 deorum

437 2554 915 2624 Romanorum
983 2559 1217 2622 autem
1242 2608 1259 2640 ,
1308 2556 1428 2644 qui
1474 2556 1690 2624 sunt‘?
1763 2555 1942 2623 Satis
1987 2555 2204 2644 liquet
2249 2561 2524 2644 poetam
2571 2554 2711 2623 Im-

435 2667 788 2749 peratores
834 2663 909 2730 in
957 2661 1190 2730 animo
1236 2659 1522 2747 habere,
1565 2660 1642 2729 in
1674 2680 1848 2749 quos
1878 2665 2022 2728 tam
2056 2660 2300 2729 acerbe
2332 2660 2707 2728 invehitur.

439 2765 576 2835 Sed
622 2767 738 2835 ille
785 2767 984 2836 miles
1031 2771 1134 2834 est
1179 2767 1485 2855 aequalis
1519 2766 1866 2853 Caesaris,
1902 2772 2217 2835 mortuus
2248 2771 2315 2834 et
2347 2770 2709 2834 revocatus

445 2873 682 2942 multis
729 2875 929 2942 annis
977 2877 1137 2941 ante
1181 2871 1676 2960 Imperatores!
1747 2869 1906 2938 Non
1952 2870 2267 2940 videmus
2316 2892 2454 2961 quo
2499 2870 2707 2939 modo

440 2984 716 3068 poetam
748 2979 879 3047 hoc
909 2978 1060 3046 loco
1093 2977 1319 3067 gravis
1344 2978 1677 3067 temporis
1700 2976 1935 3067 lapsus
1959 2976 2313 3045 absolvere
2340 2977 2707 3066 possimus,

530 3083 707 3153 Cum
767 3085 978 3174 igitur
1037 3083 1363 3152 Lucanus
1423 3083 1710 3151 omnino
1770 3101 1931 3150 cum
1999 3080 2289 3150 Caesare
2337 3083 2708 3150 convenire
2734 3101 2884 3195 gome
2914 3102 3117 3145 mma.

439 3189 751 3259 videatur
767 3243 784 3276 ,
844 3190 965 3273 „in
1024 3188 1218 3257 luctu
1264 3193 1471 3276 atque
1517 3187 1815 3256 miseriis
1860 3193 2157 3255 mortem
2203 3206 2696 3255 aerumnarum
2728 3156 2948 3250 ιιιῗῑῖοώ
2975 3155 3117 3199 '⁰¹²²'

442 3315 590 3364 esse
649 3295 999 3384 requiem,
1063 3314 1204 3362 non
1269 3313 1546 3362 crucem
1566 3294 1630 3379 ,”
1692 3312 1838 3361 non
1901 3293 2195 3379 mirum,
2259 3293 2318 3360 si
2379 3312 2496 3361 eos
2558 3291 2709 3360 lau-

441 3400 644 3470 dibus
721 3401 808 3469 ad
884 3399 1156 3469 coelum
1222 3398 1442 3483 tollit,
1525 3399 1646 3488 qui
1713 3398 1849 3467 sihi
1917 3404 2210 3467 mortem
2281 3397 2708 3467 consciscere

442 3507 761 3576 audeant.
863 3507 1054 3575 More
1123 3505 1454 3574 Indorum
1523 3509 1804 3572 narrato
1832 3557 1849 3591 ‚
1929 3504 2049 3593 qui
2118 3504 2258 3572 vivi
2325 3523 2526 3593 rogos
2595 3522 2710 3571 ca-

439 3611 660 3681 lentes
709 3611 1208 3698 conscendant,
1260 3611 1601 3679 exclamat
1647 3629 1809 3679 cum
1858 3609 2343 3677 admiratione:

1131 3772 1145 3786 .
1195 3717 1372 3804 „Pro
1421 3720 1683 3804 quanta
1731 3721 1833 3784 est
1880 3715 2097 3806 gloria
2143 3716 2333 3805 genti

794 3824 1116 3892 iniecisse
1161 3842 1452 3892 manum
1498 3821 1655 3889 fatis
1674 3874 1691 3908 ‚
1741 3823 2021 3910 vitaque
2063 3821 2360 3910 repletos

795 3929 982 4017 quod
1027 3933 1374 4018 superest,
1423 3927 1717 3996 donasse
1766 3927 1971 3995 deis.'’
2003 3924 2060 4014 3)
2190 3923 2200 3932 “

523 4171 581 4241 1)
621 4166 821 4225 Phars.
860 4166 1124 4239 Vz229‚
1167 4165 1476 4239 V111229,
1519 4163 1840 4236 V112818,
1883 4159 1957 4221 cf.
1998 4160 2312 4221 V1112395
2354 4164 2528 4223 verba
2557 4161 2711 4223 Len-

438 4262 579 4322 tuli:
624 4278 812 4334 „mors
852 4261 1055 4321 ultima
1092 4278 1281 4336 poena
1317 4276 1425 4320 nec
1463 4258 1771 4319 metuenda
1806 4255 2002 4316 viris.'’

518 4360 582 4435 2)
619 4357 821 4417 Phars.
861 4357 940 4416 VI
967 4374 981 4415 ε
1004 4361 1116 4416 807
1141 4373 1227 4430 sq.
1632 4357 1691 4429 3)
1732 4353 1933 4411 PharS.
1976 4352 2062 4410 III
2086 4355 2238 4413 :240
2261 4369 2346 4427 sq.
