3434 5159
1795 278 1885 345 22

708 508 777 570 et
823 522 960 591 quo
1008 501 1294 570 consilio
1330 505 1543 606 poeta
1587 518 1704 568 eos
1751 499 2102 567 adhibeat.
2194 500 2497 572 Consilio
2542 502 2779 570 habito
2824 509 2978 590 post

707 606 1175 674 Pharsalicam
1242 623 1553 692 pugnam
1611 604 1929 691 victaque
1990 598 2304 693 Pompeii
2363 607 2708 674 sententia
2771 605 2977 678 Pom-

708 710 943 798 peiani
989 708 1378 796 Aegyptum
1425 713 1662 795 petere
1710 708 2176 778 constituunt:

861 814 1086 900 „Tum
1142 811 1438 880 Cilicum
1485 810 1751 899 liquere
1798 812 2025 881 solum
2046 866 2062 897 ,
2114 811 2482 903 Cyproque
2532 815 2771 883 citatas

863 917 1192 985 inmisere
1238 920 1451 1002 rateS,
1505 916 1734 983 nullas
1780 917 1895 984 cui
1941 917 2271 1004 praetulit
2321 937 2475 988 aras

862 1020 1094 1090 undae
1140 1020 1298 1088 diva
1343 1038 1611 1088 memor
1655 1019 1994 1108 Paphiae,
2043 1021 2104 1087 si
2148 1022 2441 1090 numina
2486 1024 2682 1091 nasci

864 1126 1212 1195 credimus
1259 1134 1377 1193 aut
1423 1144 1848 1213 quemquam
1894 1125 1996 1193 fas
2040 1130 2141 1193 est
2189 1128 2496 1214 coepisse
2540 1127 2890 1197 deorum''.
2933 1131 2979 1212 ¹)

794 1228 975 1297 Ecce
1033 1229 1163 1297 dea
1208 1249 1351 1298 una
1396 1229 1714 1296 omnium
1762 1230 2278 1317 potentissima,
2325 1233 2402 1299 in
2446 1232 2744 1301 transitu
2790 1252 2978 1302 com—

706 1333 1126 1400 memorata!
1198 1333 1284 1399 Et
1331 1333 1575 1400 eodem
1622 1352 1865 1419 versu,
1904 1353 2042 1422 quo
2073 1334 2415 1402 Venerem
2450 1333 2678 1421 affert,
2712 1336 2981 1405 dubitat

708 1442 945 1525 poeta,
995 1456 1170 1506 num
1215 1455 1457 1504 revera
1502 1456 1583 1504 eo
1632 1437 1841 1504 modo
1887 1438 1975 1505 sit
2021 1443 2221 1522 nata,
2271 1458 2407 1526 quo
2453 1439 2687 1509 fabula
2717 1440 2977 1509 tradat!

591 1582 597 1588 -
712 1540 902 1608 Nihil
962 1539 1049 1607 de
1110 1540 1259 1608 eius
1318 1539 1834 1627 pulchritudine
1897 1548 1965 1609 et
2017 1546 2412 1629 venustate,
2462 1543 2638 1611 nihil
2683 1544 2769 1611 de
2831 1545 2980 1611 eius

712 1645 1005 1732 imperio
1082 1645 1400 1713 omnium
1467 1645 1867 1713 hominum!
1948 1646 2293 1714 Homerus
2362 1645 2599 1714 multis
2668 1647 2981 1715 versibus

714 1748 1023 1836 depingit
1067 1751 1146 1815 ut
1192 1768 1353 1818 cum
1385 1748 1605 1816 Marte
1635 1748 1987 1834 cubuerit,
2026 1755 2103 1817 ut
2134 1747 2610 1819 Alexandrum
2641 1750 2979 1837 pelliciat,

715 1853 837 1940 qui
879 1852 1030 1939 ipse
1074 1851 1280 1919 vidit:

1906 1959 2085 2042 ,βεᾶς
2130 1958 2491 2037 περικαλλέα
2536 1958 2715 2038 δειρήν

981 2059 1198 2135 στήθεα
1243 2060 1589 2139 θ’ἱμερόεντα
1635 2060 1734 2125 καὶ
1779 2059 2031 2137 ὄμματα
2075 2062 2549 2141 μαρμαίροντα.”
2582 2060 2641 2150 2)

807 2161 1067 2230 Omnes
1111 2163 1431 2231 homines
1477 2164 1826 2252 voluptate
1872 2170 1941 2232 et
1985 2163 2324 2232 desiderio
2373 2164 2610 2253 afficit,
2659 2166 2804 2234 iam
2834 2167 2986 2234 eius

717 2265 1076 2356 cingulum
1123 2272 1225 2335 est
1271 2274 1717 2357 praepotens:

1620 2376 1797 2458 ,,ἔνθα
1842 2376 1908 2440 τέ
1953 2378 2002 2441 οἱ
2048 2378 2353 2457 θελκτήρια
2404 2375 2609 2441 πάντα
2655 2375 2895 2440 τέτυκτο

894 2475 1079 2541 ἔνθ’ἐνὶ
1127 2501 1237 2549 μεν
1281 2470 1565 2563 Φιλότης,
1615 2482 1673 2543 ἐν
1716 2477 1984 2560 δ’ἱᾍοερος,
2034 2484 2093 2546 ἐν
2136 2482 2452 2561 δ’ὂαριστύς

895 2581 1202 2663 πάρφασις
1219 2631 1238 2660 ,
1287 2582 1324 2659 ἤ
1366 2583 1640 2664 τ’ἔκλεφε
1685 2584 1803 2649 νόον
1850 2586 2013 2650 πύκα
2058 2609 2163 2665 περ
2209 2585 2618 2668 φρονεόντων.”
2650 2582 2709 2672 3)

720 2688 788 2749 et
833 2684 985 2772 ipsa
1029 2685 1341 2755 consulto
1389 2688 1477 2755 ad
1524 2687 1900 2776 Olympum
1946 2689 2033 2756 it:
2128 2776 2131 2778 Α

1085 2789 1346 2876 ,,κούρῃσ’
1389 2793 1711 2866 αἰτήσουσα
1756 2794 1922 2866 τέλος
1967 2796 2217 2874 θαλεροῖο
2260 2795 2537 2874 γάμοιο.”
2568 2792 2627 2882 4)

808 2893 1016 2981 Apud
1077 2895 1456 2983 Vergilium
1518 2902 1751 2965 autem
1769 2950 1789 2985 ,
1857 2897 2208 2984 „lacrimis
2272 2898 2507 2967 oculos
2567 2897 2830 2967 suffusa
2875 2898 2985 2963 111-

718 2998 1002 3083 tentes'’,
1051 3004 1320 3086 patrem
1366 3019 1572 3068 suum
1619 3000 1854 3070 Iovem
1891 3007 2241 3089 precatur,
2277 3021 2687 3090 semperque
2722 3000 2987 3068 deliciis

720 3102 863 3170 51115
909 3100 1189 3170 Aeneae
1235 3123 1655 3193 magnopere
1700 3106 1916 3191 favet,
1965 3113 2066 3174 et:

1144 3259 1160 3275 .
1207 3208 1484 3294 „media
1529 3229 1604 3276 se
1649 3209 1899 3280 obtulit
1944 3210 2147 3278 obvia
2191 3209 2364 3278 silva

807 3311 1091 3399 virginis
1138 3332 1214 3380 os
1261 3312 1715 3401 habitumque
1761 3334 2007 3399 gerens
2054 3321 2122 3381 et
2167 3314 2453 3404 virginis
2500 3313 2761 3382 arma.’'
2793 3312 2852 3398 ⁵)

717 3414 1077 3504 filiumque
1129 3436 1335 3485 suum
1385 3416 1801 3506 Cupidinem
1848 3425 1926 3487 ut
1970 3417 2250 3487 Aeneae
2298 3438 2608 3487 amorem
2654 3417 2986 3486 incendat

718 3520 948 3587 mittit.

807 3620 1016 3711 Apud
1074 3623 1437 3693 Lucanum
1498 3631 1732 3694 autem
1792 3627 2077 3695 omnino
2132 3627 2307 3694 nihil
2352 3627 2439 3694 de
2483 3627 2616 3695 hac
2662 3625 2990 3714 allegoria

719 3725 1018 3812 Graeca,
1089 3732 1234 3795 tam
1304 3729 1530 3798 vivida
1607 3750 1688 3798 ac
1764 3731 2072 3818 poetica:
2143 3731 2322 3798 nihil
2402 3731 2542 3798 nisi
2615 3729 2991 3818 perfrigida

718 3832 979 3899 mentio
1045 3832 1413 3919 „Veneris,
1485 3835 1814 3902 memoris
1882 3835 2111 3903 undae
2170 3834 2518 3922 Paphiae,
2582 3835 2640 3901 si
2703 3833 3004 3921 quidemr

719 3937 933 4005 ullam
993 3936 1206 4005 fidem
1260 3936 1510 4006 fabulis
1556 3944 1701 4006 tam
1750 3939 2050 4008 anilibus
2097 3939 2352 4008 habere
2399 3937 2817 4006 debemusl''
2911 3935 2989 4006 Si

804 4165 860 4236 l)
901 4163 1101 4221 Phara.
1142 4163 1281 4222 VIII
1303 4168 1454 4222 :456
1484 4180 1569 4237 sq.
1712 4168 1773 4238 2)
1815 4165 1951 4224 Ilias
1991 4166 2275 4225 1112396.
2401 4168 2461 4240 3)
2503 4165 2572 4224 11.
2622 4170 2873 4224 14:215
2901 4182 2988 4241 sq.

799 4261 860 4334 4)
904 4256 1105 4335 Odyss.
1148 4261 1381 4321 20:74.
1620 4263 1680 4334 5)
1720 4258 1865 4322 Aen.
1905 4260 2112 4322 1:314
2141 4278 2229 4339 sq.
