3434 5159
1552 333 1639 402 61

455 556 778 628 vindicat.
875 555 1005 625 Hic
1051 560 1285 626 autem
1334 555 1469 623 alia
1514 556 1827 645 quaestio
1874 574 1948 623 se
1995 554 2194 623 offert
2241 556 2615 643 animoque
2655 573 2731 622 se

458 663 694 733 obicit.

549 767 726 837 Illud
795 766 1048 853 fatum,
1129 770 1323 834 estne
1390 764 1811 834 inmutabile
1881 769 1948 832 et
2023 764 2476 833 inevitabile‘l
2557 764 2734 833 Mira
2758 780 3055 875 geggfbifggum
3086 778 3146 819 iu·

460 873 773 962 quidem,
807 870 1209 940 definitione
1239 869 1811 960 philosophorum
1842 870 2187 959 inspecta,
2221 870 2393 938 haec
2426 870 2738 958 quaestio
2972 864 2980 873 ’

464 978 770 1065 videtur,
839 976 962 1045 sed
1034 975 1352 1045 homines
1419 974 1739 1064 vulgares
1811 994 1966 1043 eam
2037 975 2395 1043 notionem
2414 1026 2433 1059 ,
2505 975 2743 1043 omnia

464 1083 696 1171 aliqua
770 1082 841 1149 vi
911 1081 1210 1150 obscura
1269 1100 1355 1148 ex
1418 1080 1612 1147 omni
1675 1080 2082 1148 aeternitate
2143 1080 2602 1149 determinata
2677 1085 2744 1147 et

465 1186 601 1255 fixa
661 1206 846 1274 esse,
911 1187 1145 1255 animo
1210 1185 1576 1275 complecti
1640 1205 1784 1253 non
1845 1190 2200 1274 poterant,
2275 1192 2343 1253 et
2403 1185 2746 1275 putabant

462 1290 802 1362 nonnulla
849 1297 1033 1360 certe
1085 1290 1173 1360 ab
1220 1289 1624 1359 hominibus
1669 1310 1872 1378 posse
1918 1292 2196 1360 mutari.
2291 1290 2519 1359 Etiam
2559 1291 2744 1380 apud

462 1395 827 1467 Lucanum
890 1396 1124 1485 aliqua
1201 1395 1490 1484 vestigia
1557 1394 1714 1463 talis
1765 1396 2250 1484 compromissi
2297 1395 2515 1466 fatum
2564 1396 2746 1464 inter

424 1577 429 1580 ,
465 1507 533 1570 et
575 1501 875 1572 liberum
923 1501 1287 1570 arbitrium
1347 1500 1775 1586 invenimuS,
1816 1501 1940 1568 sed
1986 1521 2263 1591 semper
2290 1503 2743 1570 reminiscen-

434 1607 663 1694 dum,
712 1626 851 1696 quo
896 1626 1111 1676 sensu
1155 1605 1448 1695 singulis
1493 1605 1664 1674 locis
1711 1610 1916 1696 poeta
1960 1606 2178 1677 fatum
2226 1607 2639 1676 adhibuerit.

554 1711 908 1802 Imprimis
953 1732 1139 1781 unus
1184 1710 1383 1780 locus'
1425 1712 1501 1779 in
1547 1711 1786 1780 oculos
1831 1712 2157 1798 incurrit,
2228 1713 2351 1781 ubi
2396 1713 2615 1782 fatum
2663 1712 2748 1779 de

464 1818 675 1887 rebus
720 1817 1221 1906 eventibusque
1268 1815 1800 1905 praedestinatis
1848 1815 2245 1907 usurpatur.
2306 1817 2523 1887 Filius
2556 1819 2744 1886 enim

466 1923 782 2013 Pompeii
852 1942 1128 2013 magam
1216 1920 1572 2011 quandam
1642 1921 1979 1991 infamem
2065 1923 2150 1990 de
2218 1922 2426 1992 rebus
2499 1922 2748 1992 futuris

471 2027 840 2097 consulens
861 2082 879 2115 ,
947 2027 1347 2097 adhortatur
1411 2033 1490 2096 ut
1550 2046 1795 2097 verum
1875 2028 2217 2118 exprimat
2286 2049 2324 2095 e
2385 2027 2710 2096 Manibus
2734 2082 2751 2114 ,

476 2132 584 2199 vel
646 2132 845 2200 sedes
904 2132 1170 2219 Elysias
1224 2137 1516 2217 reserat,
1570 2138 1780 2221 atque
1827 2132 2121 2201 Mortem
2166 2134 2389 2223 ipsam
2435 2139 2751 2202 vocatam

473 2243 673 2326 cogat
735 2237 1051 2307 futurum
1115 2237 1404 2326 aperire.
1498 2236 1679 2326 Saga
1728 2244 1961 2306 autem
2009 2238 2337 2306 Erichtho
2382 2239 2491 2307 his
2535 2241 2751 2307 versi-

477 2341 611 2411 bus
658 2341 863 2411 valde
908 2341 1232 2410 notandis
1277 2341 1666 2430 respondit:

1015 2500 1031 2515 .
1355 2498 1369 2514 .
1419 2445 1539 2533 „Si
1585 2446 1725 2514 fata
1771 2448 2042 2516 minora
2090 2468 2437 2535 movereS,

569 2570 871 2640 pronum
919 2557 1103 2638 erat,
1159 2570 1200 2619 o
1246 2551 1555 2637 iuveniS,
1607 2572 1783 2641 quos
1828 2552 2075 2640 velles,
2123 2554 2386 2643 inquit,
2436 2555 2510 2621 in
2558 2560 2752 2623 actus

566 2657 820 2724 invitos
865 2655 1201 2745 praebere
1247 2655 1446 2724 deos:
1498 2656 1902 2727 conceditur
1949 2659 2112 2744 arti,

566 2780 783 2830 unam
832 2781 994 2830 cum
1039 2761 1253 2830 radiis
1300 2767 1700 2850 presserunt
1749 2763 1977 2831 sidera
2024 2770 2318 2833 mortem
2337 2817 2355 2850 ,

566 2866 945 2936 inseruisse
992 2886 1256 2952 moras3
1308 2873 1375 2934 et
1421 2869 1742 2955 quamvis
1787 2868 2028 2937 fecerit
2072 2871 2301 2939 omnis

569 2971 766 3040 stella
810 2989 1051 3040 senem
1070 3025 1088 3060 ,
1138 2973 1403 3041 medios
1449 2973 1685 3042 herbis
1734 2974 2217 3064 abrumpimus
2264 2996 2506 3046 annos.

571 3081 639 3144 at
684 3077 892 3147 simul
939 3097 980 3146 a
1024 3078 1251 3167 prima
1297 3077 1656 3147 descendit
1704 3080 1973 3168 origine
2020 3081 2270 3150 mundi

572 3201 939 3252 causarum
987 3184 1199 3251 series
1217 3225 1258 3271 ,x
1285 3170 1490 3272 atque
1539 3185 1777 3252 omnia
1821 3185 1959 3253 fata
2007 3185 2323 3254 laborant

569 3288 630 3354 si
675 3288 1052 3378 quicquam
1098 3295 1370 3358 mutare
1418 3288 1623 3374 veliS,
1672 3309 1957 3378 unoque
2003 3290 2134 3359 sub
2180 3292 2325 3361 ictu

572 3398 706 3461 stat
752 3412 972 3482 genus
1015 3394 1447 3463 humanum:
1503 3399 1656 3464 tum
1702 3394 2034 3464 Thessala
2081 3395 2286 3465 turba
2331 3397 2629 3467 fatemur

573 3496 731 3585 plus
776 3498 1084 3569 Fortuna
1128 3500 1418 3589 potest.'’
1456 3499 1513 3589 ¹)

575 3601 842 3671 Diserte
904 3605 1117 3693 igitur
1176 3603 1562 3675 affirmatur
1578 3659 1596 3692 ,
1662 3626 1812 3675 esse
1875 3607 2011 3676 duo
2076 3628 2331 3698 genera
2389 3607 2541 3687 fati3
2593 3628 2757 3677 nam

487 3707 830 3795 quaedam
881 3709 967 3778 ab
1015 3710 1214 3800 initio
1262 3710 1511 3780 mundi
1558 3710 1727 3797 fixa,
1783 3717 1990 3801 atque
2038 3714 2139 3782 sic
2186 3715 2413 3784 causis
2461 3714 2760 3782 aeternis

487 3810 946 3882 determinata
995 3833 1181 3902 esse,
1229 3821 1309 3884 ut
1355 3816 1554 3885 aliter
1599 3815 1753 3885 fieri
1801 3822 1920 3886 aut
1966 3818 2243 3887 evenire
2284 3839 2429 3887 non
2458 3820 2760 3908 possint,

488 3915 624 3985 alia
671 3923 907 3987 autem
954 3919 1246 3988 minoris
1278 3922 1618 3990 momenti
1663 3942 1815 3990 esse
1848 3928 1915 3990 et
1945 3922 2309 3991 mutabilia
2328 3975 2345 4008 ,
2380 3923 2567 4011 quod
2600 3943 2763 3992 cau-

488 4021 583 4089 sis
628 4024 928 4092 aeternis
972 4043 1118 4091 non
1150 4030 1557 4112 nectantur,
1614 4046 1793 4115 quae
1825 4027 2037 4116 igitur
2066 4027 2142 4095 in
2172 4032 2507 4117 potestate
2538 4027 2765 4095 homi·

490 4146 664 4195 num
710 4128 871 4196 sint.
920 4127 1098 4196 Cum
1146 4128 1233 4197 de
1278 4128 1416 4198 fato
1464 4130 1609 4198 sive
1657 4136 1879 4199 morte
1926 4132 2136 4202 unius
2166 4131 2470 4200 hominis
2503 4131 2761 4221 agitur,

575 4360 635 4432 1>
676 4357 877 4419 Phara.
917 4357 1400 4419 V12605—615.
