3434 5159
1567 359 1659 429 53

475 587 578 649 est
607 580 961 669 ‚‚invida,'’
995 587 1060 650 et
1097 589 1299 672 poeta
1331 582 1695 652 exclamat.
1742 582 1848 671 „0
1879 584 2000 651 fati
2032 584 2403 653 durissima
2435 581 2663 650 sors’'!
2692 582 2749 666 1)

472 686 578 772 „O
636 687 895 755 summi
941 688 1079 757 fata
1124 688 1474 778 pudoris.”
1508 687 1590 777 2).
1682 688 1778 758 At
1824 689 2104 760 Caesari
2154 694 2425 775 contra,
2484 685 2753 755 homini

472 791 734 860 nefario
796 797 865 860 et
925 793 1351 883 reipublicae
1403 795 1873 865 infensissimo
1891 848 1909 883 ,
1974 796 2194 864 fatum
2239 793 2422 862 favet
2484 798 2554 861 et
2599 797 2750 862 tue·

473 902 616 966 tur:
664 896 885 967 fatum
932 899 1122 967 enim
1170 920 1424 970 manus
1470 902 1881 971 sicariorum
1915 901 2160 970 avertit
2181 899 2240 989 3)
2262 953 2280 987 ,
2317 897 2572 967 Caesar
2601 898 2750 986 ipse

475 1008 706 1071 autem
755 1004 1010 1073 milites
1058 1005 1145 1073 ad
1196 1006 1574 1076 Massiliam
1606 1008 2151 1098 oppugnandam
2183 1004 2285 1073 sic
2316 1002 2746 1073 adhortatur:

1455 1113 1812 1199 „Gaudete
1861 1113 2211 1182 cohortes:

742 1211 964 1283 Obvia
1008 1218 1433 1306 praebentur
1476 1218 1778 1287 fatorum
1829 1237 2120 1287 munere
2165 1215 2414 1284 bella.'’
2446 1211 2507 1302 4)

562 1316 789 1385 Etiam
857 1320 1195 1391 Lentulus
1270 1323 1507 1393 consul
1574 1343 1983 1413 persuasum
2054 1320 2265 1389 habet
2332 1320 2551 1388 fatum
2622 1337 2748 1386 suo

470 1419 702 1490 favore
763 1425 1123 1495 victoriam
1196 1426 1401 1513 dare,
1466 1448 1633 1496 nam
1688 1432 1847 1517 post
1905 1425 2375 1495 Pharsalicam
2438 1442 2746 1512 pugnam

474 1528 918 1597 commissam
963 1530 1297 1621 Pompeio
1346 1532 1698 1602 dissuadet
1745 1552 1838 1600 ne
1878 1532 2059 1621 regis
2103 1529 2519 1598 Parthorum
2552 1527 2747 1595 auxi·

469 1629 644 1701 lium
690 1633 1000 1722 invocet,
1051 1639 1173 1726 qui
1220 1631 1389 1707 dum
1436 1639 1722 1707 victoria
1770 1639 2036 1707 incerta
2081 1640 2227 1704 erat
2274 1653 2417 1702 non
2441 1638 2744 1701 venerat.

739 1740 921 1821 „Qui
966 1742 1153 1812 solus
1199 1763 1480 1833 regum,
1532 1744 1669 1811 fato
1718 1742 1989 1811 celante
2034 1742 2373 1825 favorem,

733 1843 951 1914 defuit
996 1846 1396 1934 Emathiae,
1448 1868 1639 1917 nunc
1689 1853 1912 1915 tantas
1960 1846 2076 1914 ille
2121 1844 2410 1913 lacesset

734 1950 950 2018 auditi
998 1951 1273 2020 victoris
1322 1972 1487 2041 opes
1504 1953 1581 2020 ‘P”
1630 1959 1758 2021 etc.
1793 1955 1848 2037 ⁵)

555 2054 641 2122 Et
687 2055 763 2123 in
810 2057 1215 2125 universum
1264 2078 1507 2126 omnes
1554 2078 1666 2126 res
1714 2079 1754 2125 a
1803 2057 2096 2126 Caesare
2143 2055 2433 2123 feliciter
2478 2058 2740 2144 gestae,

465 2157 814 2228 Fortunae
860 2160 1300 2248 tribuuntur,
1349 2182 1528 2251 quae
1575 2167 1811 2232 autem
1859 2182 2003 2230 non
2049 2158 2555 2250 significatione
2591 2157 2743 2227 vul-

464 2264 612 2352 gari
658 2264 1063 2354 accipienda
1110 2266 1414 2355 videtur,
1466 2288 1602 2355 qua
1650 2266 1737 2335 de
1783 2287 1859 2335 re
1905 2266 2107 2356 plura
2153 2271 2327 2354 post.

552 2365 626 2435 Si
686 2374 919 2437 autem
983 2371 1202 2440 fatum
1264 2378 1344 2441 ut
1405 2392 1670 2441 numen
1742 2372 2082 2440 iniustum
2128 2375 2194 2438 et
2241 2369 2557 2438 invidum
2606 2367 2736 2436 fin·
2761 2384 2907 2427 mum
2936 2385 3147 2428 invoa-tur

461 2471 676 2559 gitur,
728 2473 884 2542 odio
933 2481 1052 2544 aut
1099 2475 1327 2544 favore
1358 2476 1777 2566 impulsum,
1812 2476 2267 2563 hominesque
2301 2493 2427 2543 suo
2454 2472 2737 2542 arbitrio
2762 2442 2805 2479 ⁸⁸
2831 2441 3036 2480 ‘ww'

461 2597 786 2666 premens
850 2584 969 2649 aut
1029 2581 1297 2668 fovens,
1363 2580 1466 2649 nil
1527 2582 1786 2651 mirum
1842 2582 1902 2649 si
1946 2582 2308 2648 invocatur
2353 2584 2420 2647 et
2466 2584 2734 2664 oratur,

461 2682 668 2771 plane
727 2690 807 2753 ut
866 2684 979 2753 dei
1043 2688 1408 2756 averrunci
1456 2687 1963 2777 compellantur
2010 2691 2217 2774 atque
2264 2684 2735 2753 obsecrantur.

460 2786 552 2854 Ut
616 2787 862 2878 vulgus
924 2791 1328 2880 saepissime
1393 2792 1771 2861 exclamat:
1820 2791 2041 2880 „proh
2091 2790 2200 2857 Dii
2220 2790 2278 2857 !”
2329 2789 2492 2877 (hac
2536 2788 2611 2856 in
2658 2807 2734 2855 re

463 2911 624 2960 cum
680 2892 882 2982 plebe
929 2901 1205 2963 nostrae
1253 2897 1496 2965 aetatis
1545 2895 2029 2983 convenienS,)
2078 2895 2179 2964 sic
2224 2894 2582 2981 Lucanus,
2631 2893 2736 2961 ira

462 3000 581 3064 aut
626 2995 860 3065 dolore
908 3005 1330 3088 commotuS,
1380 3015 1671 3091 semper·
1701 3007 1771 3069 et
1816 2999 2077 3089 ubique
2109 2998 2479 3066 exclamat:
2516 2995 2733 3086 „proh

457 3098 676 3169 fata!''
741 3103 960 3192 „proh
1008 3105 1232 3174 tristia
1278 3105 1419 3174 fata
1438 3107 1497 3173 !''
1591 3105 1679 3174 Et
1726 3105 2090 3194 Cleopatra
2138 3102 2502 3172 Caesarem
2550 3101 2732 3189 peri-

459 3204 632 3291 culi,
684 3207 772 3274 ab
819 3206 1091 3278 Achilla
1136 3211 1493 3297 instantis,
1540 3210 1640 3279 sic
1688 3214 1959 3278 monet:

544 3309 741 3396 „Iam
787 3311 948 3400 tibi,
998 3314 1121 3382 sed
1164 3315 1407 3404 procul
1453 3315 1586 3384 hoc
1636 3318 1951 3383 avertant
1994 3312 2167 3399 fata,
2217 3308 2579 3380 minatur.‘’
2604 3312 2656 3394 ⁶)

545 3412 788 3483 Paullo
834 3422 1026 3506 post,
1073 3416 1369 3487 Pothino
1416 3439 1699 3489 suasore
1746 3417 1977 3487 caedis
2017 3415 2330 3505 Pompeii
2363 3414 2728 3484 Caesarem

455 3539 734 3608 quoque
779 3527 1094 3611 petente,
1149 3524 1593 3614 perturbatus
1631 3523 1811 3592 dicit
1855 3527 2092 3613 poeta:

622 3624 1043 3716 „Poenaque
1092 3628 1310 3697 civilis
1354 3628 1519 3696 belli
1564 3630 1873 3698 vindicta
1920 3632 2201 3696 senatus

635 3748 859 3818 paene
906 3732 1067 3802 data
1115 3738 1219 3803 est
1262 3733 1544 3804 famulo.
1602 3734 1844 3823 procul
1893 3733 2026 3801 hoc
2066 3730 2385 3815 avertite,
2420 3730 2590 3816 fata,

633 3833 897 3902 crimen
916 3887 936 3923 ,
983 3841 1061 3905 ut
1105 3837 1279 3914 haec
1328 3838 1544 3908 Bruto
1592 3839 1826 3907 cervix
1872 3836 2159 3905 absente
2205 3832 2528 3902 secetur.”
2552 3832 2612 3921 ⁷)

533 4086 590 4157 1)
633 4083 834 4143 Phars.
877 4084 1002 4143 IX:
1031 4086 1206 4144 1046.
1566 4086 1628 4157 2>
1670 4082 1871 4142 Phars.
1914 4081 2252 4141 V1112678.

404 4248 415 4257 .
531 4180 595 4254 3)
719 4223 750 4250 „
878 4178 1133 4238 21:420.
1563 4178 1627 4254 4)
1753 4221 1785 4247 ,.
1914 4176 2200 4235 1112361.

529 4279 589 4348 5)
715 4320 744 4344 ‚,
876 4275 1016 4333 vm
1040 4297 1055 4332 ι
1078 4278 1212 4335 359.
1565 4277 1626 4347 6)
1749 4316 1786 4346 ,,
1926 4271 2021 4331 X:
2046 4276 2180 4331 101.

533 4370 594 4450 7)
718 4415 751 4442 ‚,
880 4372 938 4432 X
959 4392 972 4428 :
997 4373 1133 4431 340.
